%YAML 1.1
%TAG !u! tag:unity3d.com,2011:
--- !u!29 &1
SceneSettings:
  m_ObjectHideFlags: 0
  m_PVSData: 
  m_PVSObjectsArray: []
  m_PVSPortalsArray: []
  m_OcclusionBakeSettings:
    smallestOccluder: 5
    smallestHole: 0.25
    backfaceThreshold: 100
--- !u!104 &2
RenderSettings:
  m_ObjectHideFlags: 0
  serializedVersion: 7
  m_Fog: 0
  m_FogColor: {r: 0.5, g: 0.5, b: 0.5, a: 1}
  m_FogMode: 3
  m_FogDensity: 0.01
  m_LinearFogStart: 0
  m_LinearFogEnd: 300
  m_AmbientSkyColor: {r: 0.212, g: 0.227, b: 0.259, a: 1}
  m_AmbientEquatorColor: {r: 0.114, g: 0.125, b: 0.133, a: 1}
  m_AmbientGroundColor: {r: 0.047, g: 0.043, b: 0.035, a: 1}
  m_AmbientIntensity: 1
  m_AmbientMode: 3
  m_SkyboxMaterial: {fileID: 0}
  m_HaloStrength: 0.5
  m_FlareStrength: 1
  m_FlareFadeSpeed: 3
  m_HaloTexture: {fileID: 0}
  m_SpotCookie: {fileID: 10001, guid: 0000000000000000e000000000000000, type: 0}
  m_DefaultReflectionMode: 0
  m_DefaultReflectionResolution: 128
  m_ReflectionBounces: 1
  m_ReflectionIntensity: 1
  m_CustomReflection: {fileID: 0}
  m_Sun: {fileID: 0}
  m_IndirectSpecularColor: {r: 0, g: 0, b: 0, a: 1}
--- !u!157 &3
LightmapSettings:
  m_ObjectHideFlags: 0
  serializedVersion: 7
  m_GIWorkflowMode: 1
  m_GISettings:
    serializedVersion: 2
    m_BounceScale: 1
    m_IndirectOutputScale: 1
    m_AlbedoBoost: 1
    m_TemporalCoherenceThreshold: 1
    m_EnvironmentLightingMode: 0
    m_EnableBakedLightmaps: 0
    m_EnableRealtimeLightmaps: 0
  m_LightmapEditorSettings:
    serializedVersion: 4
    m_Resolution: 2
    m_BakeResolution: 40
    m_TextureWidth: 1024
    m_TextureHeight: 1024
    m_AO: 0
    m_AOMaxDistance: 1
    m_CompAOExponent: 1
    m_CompAOExponentDirect: 0
    m_Padding: 2
    m_LightmapParameters: {fileID: 0}
    m_LightmapsBakeMode: 1
    m_TextureCompression: 1
    m_DirectLightInLightProbes: 1
    m_FinalGather: 0
    m_FinalGatherFiltering: 1
    m_FinalGatherRayCount: 256
    m_ReflectionCompression: 2
  m_LightingDataAsset: {fileID: 0}
  m_RuntimeCPUUsage: 25
--- !u!196 &4
NavMeshSettings:
  serializedVersion: 2
  m_ObjectHideFlags: 0
  m_BuildSettings:
    serializedVersion: 2
    agentRadius: 0.5
    agentHeight: 2
    agentSlope: 45
    agentClimb: 0.4
    ledgeDropHeight: 0
    maxJumpAcrossDistance: 0
    accuratePlacement: 0
    minRegionArea: 2
    cellSize: 0.16666667
    manualCellSize: 0
  m_NavMeshData: {fileID: 0}
--- !u!1001 &46324849
Prefab:
  m_ObjectHideFlags: 0
  serializedVersion: 2
  m_Modification:
    m_TransformParent: {fileID: 1319460450}
    m_Modifications:
    - target: {fileID: 441884, guid: 36ee44a4706bc764c986b4810b8d5010, type: 2}
      propertyPath: m_LocalPosition.x
      value: 113.00168
      objectReference: {fileID: 0}
    - target: {fileID: 441884, guid: 36ee44a4706bc764c986b4810b8d5010, type: 2}
      propertyPath: m_LocalPosition.y
      value: 49.623108
      objectReference: {fileID: 0}
    - target: {fileID: 441884, guid: 36ee44a4706bc764c986b4810b8d5010, type: 2}
      propertyPath: m_LocalPosition.z
      value: 0
      objectReference: {fileID: 0}
    - target: {fileID: 441884, guid: 36ee44a4706bc764c986b4810b8d5010, type: 2}
      propertyPath: m_LocalRotation.x
      value: -0
      objectReference: {fileID: 0}
    - target: {fileID: 441884, guid: 36ee44a4706bc764c986b4810b8d5010, type: 2}
      propertyPath: m_LocalRotation.y
      value: -0
      objectReference: {fileID: 0}
    - target: {fileID: 441884, guid: 36ee44a4706bc764c986b4810b8d5010, type: 2}
      propertyPath: m_LocalRotation.z
      value: -0
      objectReference: {fileID: 0}
    - target: {fileID: 441884, guid: 36ee44a4706bc764c986b4810b8d5010, type: 2}
      propertyPath: m_LocalRotation.w
      value: 1
      objectReference: {fileID: 0}
    - target: {fileID: 441884, guid: 36ee44a4706bc764c986b4810b8d5010, type: 2}
      propertyPath: m_RootOrder
      value: 26
      objectReference: {fileID: 0}
    m_RemovedComponents: []
  m_ParentPrefab: {fileID: 100100000, guid: 36ee44a4706bc764c986b4810b8d5010, type: 2}
  m_IsPrefabParent: 0
--- !u!1001 &48233848
Prefab:
  m_ObjectHideFlags: 0
  serializedVersion: 2
  m_Modification:
    m_TransformParent: {fileID: 1319460450}
    m_Modifications:
    - target: {fileID: 468320, guid: 252ed4b6632ac904fbfbab8dacdaedd4, type: 2}
      propertyPath: m_LocalPosition.x
      value: 53.1
      objectReference: {fileID: 0}
    - target: {fileID: 468320, guid: 252ed4b6632ac904fbfbab8dacdaedd4, type: 2}
      propertyPath: m_LocalPosition.y
      value: 31.28
      objectReference: {fileID: 0}
    - target: {fileID: 468320, guid: 252ed4b6632ac904fbfbab8dacdaedd4, type: 2}
      propertyPath: m_LocalPosition.z
      value: 0
      objectReference: {fileID: 0}
    - target: {fileID: 468320, guid: 252ed4b6632ac904fbfbab8dacdaedd4, type: 2}
      propertyPath: m_LocalRotation.x
      value: -0
      objectReference: {fileID: 0}
    - target: {fileID: 468320, guid: 252ed4b6632ac904fbfbab8dacdaedd4, type: 2}
      propertyPath: m_LocalRotation.y
      value: -0
      objectReference: {fileID: 0}
    - target: {fileID: 468320, guid: 252ed4b6632ac904fbfbab8dacdaedd4, type: 2}
      propertyPath: m_LocalRotation.z
      value: 0.7071068
      objectReference: {fileID: 0}
    - target: {fileID: 468320, guid: 252ed4b6632ac904fbfbab8dacdaedd4, type: 2}
      propertyPath: m_LocalRotation.w
      value: 0.7071067
      objectReference: {fileID: 0}
    - target: {fileID: 468320, guid: 252ed4b6632ac904fbfbab8dacdaedd4, type: 2}
      propertyPath: m_RootOrder
      value: 8
      objectReference: {fileID: 0}
    - target: {fileID: 136308, guid: 252ed4b6632ac904fbfbab8dacdaedd4, type: 2}
      propertyPath: m_Name
      value: SolidWall (1)
      objectReference: {fileID: 0}
    - target: {fileID: 468320, guid: 252ed4b6632ac904fbfbab8dacdaedd4, type: 2}
      propertyPath: m_LocalScale.x
      value: 1
      objectReference: {fileID: 0}
    - target: {fileID: 468320, guid: 252ed4b6632ac904fbfbab8dacdaedd4, type: 2}
      propertyPath: m_LocalScale.y
      value: 0.09999997
      objectReference: {fileID: 0}
    m_RemovedComponents: []
  m_ParentPrefab: {fileID: 100100000, guid: 252ed4b6632ac904fbfbab8dacdaedd4, type: 2}
  m_IsPrefabParent: 0
--- !u!1001 &109844022
Prefab:
  m_ObjectHideFlags: 0
  serializedVersion: 2
  m_Modification:
    m_TransformParent: {fileID: 1319460450}
    m_Modifications:
    - target: {fileID: 473672, guid: 06f2b783c843af54ab413658b7b33698, type: 2}
      propertyPath: m_LocalPosition.x
      value: 52.590004
      objectReference: {fileID: 0}
    - target: {fileID: 473672, guid: 06f2b783c843af54ab413658b7b33698, type: 2}
      propertyPath: m_LocalPosition.y
      value: 18.68
      objectReference: {fileID: 0}
    - target: {fileID: 473672, guid: 06f2b783c843af54ab413658b7b33698, type: 2}
      propertyPath: m_LocalPosition.z
      value: 0
      objectReference: {fileID: 0}
    - target: {fileID: 473672, guid: 06f2b783c843af54ab413658b7b33698, type: 2}
      propertyPath: m_LocalRotation.x
      value: -0
      objectReference: {fileID: 0}
    - target: {fileID: 473672, guid: 06f2b783c843af54ab413658b7b33698, type: 2}
      propertyPath: m_LocalRotation.y
      value: -0
      objectReference: {fileID: 0}
    - target: {fileID: 473672, guid: 06f2b783c843af54ab413658b7b33698, type: 2}
      propertyPath: m_LocalRotation.z
      value: -0
      objectReference: {fileID: 0}
    - target: {fileID: 473672, guid: 06f2b783c843af54ab413658b7b33698, type: 2}
      propertyPath: m_LocalRotation.w
      value: 1
      objectReference: {fileID: 0}
    - target: {fileID: 473672, guid: 06f2b783c843af54ab413658b7b33698, type: 2}
      propertyPath: m_RootOrder
      value: 10
      objectReference: {fileID: 0}
    - target: {fileID: 144830, guid: 06f2b783c843af54ab413658b7b33698, type: 2}
      propertyPath: m_Name
      value: Spikes_small (1)
      objectReference: {fileID: 0}
    - target: {fileID: 11464240, guid: 06f2b783c843af54ab413658b7b33698, type: 2}
      propertyPath: deathCanvas
      value: 
      objectReference: {fileID: 1911115591}
    - target: {fileID: 11464240, guid: 06f2b783c843af54ab413658b7b33698, type: 2}
      propertyPath: player
      value: 
      objectReference: {fileID: 120146, guid: 86b4eeb30c83de74da6f841e49c72835, type: 2}
    m_RemovedComponents: []
  m_ParentPrefab: {fileID: 100100000, guid: 06f2b783c843af54ab413658b7b33698, type: 2}
  m_IsPrefabParent: 0
--- !u!1 &142375326
GameObject:
  m_ObjectHideFlags: 0
  m_PrefabParentObject: {fileID: 109672, guid: 339905f8933d42b40b6fa7680dee4ad1, type: 2}
  m_PrefabInternal: {fileID: 0}
  serializedVersion: 4
  m_Component:
  - 4: {fileID: 142375330}
  - 114: {fileID: 142375329}
  - 114: {fileID: 142375328}
  - 114: {fileID: 142375327}
  m_Layer: 0
  m_Name: GameController
  m_TagString: GameController
  m_Icon: {fileID: 0}
  m_NavMeshLayer: 0
  m_StaticEditorFlags: 0
  m_IsActive: 1
--- !u!114 &142375327
MonoBehaviour:
  m_ObjectHideFlags: 0
  m_PrefabParentObject: {fileID: 11475758, guid: 339905f8933d42b40b6fa7680dee4ad1,
    type: 2}
  m_PrefabInternal: {fileID: 0}
  m_GameObject: {fileID: 142375326}
  m_Enabled: 1
  m_EditorHideFlags: 0
  m_Script: {fileID: 0}
  m_Name: 
  m_EditorClassIdentifier: 
--- !u!114 &142375328
MonoBehaviour:
  m_ObjectHideFlags: 0
  m_PrefabParentObject: {fileID: 11481132, guid: 339905f8933d42b40b6fa7680dee4ad1,
    type: 2}
  m_PrefabInternal: {fileID: 0}
  m_GameObject: {fileID: 142375326}
  m_Enabled: 1
  m_EditorHideFlags: 0
  m_Script: {fileID: 11500000, guid: 4a4468e543e035343b1ea4afbbb698e2, type: 3}
  m_Name: 
  m_EditorClassIdentifier: 
--- !u!114 &142375329
MonoBehaviour:
  m_ObjectHideFlags: 0
  m_PrefabParentObject: {fileID: 11490338, guid: 339905f8933d42b40b6fa7680dee4ad1,
    type: 2}
  m_PrefabInternal: {fileID: 0}
  m_GameObject: {fileID: 142375326}
  m_Enabled: 1
  m_EditorHideFlags: 0
  m_Script: {fileID: 11500000, guid: 28d31ca4cb0d3a04aa75be1477d74c35, type: 3}
  m_Name: 
  m_EditorClassIdentifier: 
  pickupNum: 0
--- !u!4 &142375330
Transform:
  m_ObjectHideFlags: 0
  m_PrefabParentObject: {fileID: 450960, guid: 339905f8933d42b40b6fa7680dee4ad1, type: 2}
  m_PrefabInternal: {fileID: 0}
  m_GameObject: {fileID: 142375326}
  m_LocalRotation: {x: 0, y: 0, z: 0, w: 1}
  m_LocalPosition: {x: 100, y: 100, z: 0}
  m_LocalScale: {x: 1, y: 1, z: 1}
  m_LocalEulerAnglesHint: {x: 0, y: 0, z: 0}
  m_Children: []
  m_Father: {fileID: 0}
  m_RootOrder: 4
--- !u!1001 &174636455
Prefab:
  m_ObjectHideFlags: 0
  serializedVersion: 2
  m_Modification:
    m_TransformParent: {fileID: 1319460450}
    m_Modifications:
    - target: {fileID: 424150, guid: 0fda2ca5e79093e4e86c18e2722d1e30, type: 2}
      propertyPath: m_LocalPosition.x
      value: 77.31177
      objectReference: {fileID: 0}
    - target: {fileID: 424150, guid: 0fda2ca5e79093e4e86c18e2722d1e30, type: 2}
      propertyPath: m_LocalPosition.y
      value: 32.18
      objectReference: {fileID: 0}
    - target: {fileID: 424150, guid: 0fda2ca5e79093e4e86c18e2722d1e30, type: 2}
      propertyPath: m_LocalPosition.z
      value: 0
      objectReference: {fileID: 0}
    - target: {fileID: 424150, guid: 0fda2ca5e79093e4e86c18e2722d1e30, type: 2}
      propertyPath: m_LocalRotation.x
      value: -0
      objectReference: {fileID: 0}
    - target: {fileID: 424150, guid: 0fda2ca5e79093e4e86c18e2722d1e30, type: 2}
      propertyPath: m_LocalRotation.y
      value: -0
      objectReference: {fileID: 0}
    - target: {fileID: 424150, guid: 0fda2ca5e79093e4e86c18e2722d1e30, type: 2}
      propertyPath: m_LocalRotation.z
      value: -0
      objectReference: {fileID: 0}
    - target: {fileID: 424150, guid: 0fda2ca5e79093e4e86c18e2722d1e30, type: 2}
      propertyPath: m_LocalRotation.w
      value: 1
      objectReference: {fileID: 0}
    - target: {fileID: 424150, guid: 0fda2ca5e79093e4e86c18e2722d1e30, type: 2}
      propertyPath: m_RootOrder
      value: 31
      objectReference: {fileID: 0}
    - target: {fileID: 198384, guid: 0fda2ca5e79093e4e86c18e2722d1e30, type: 2}
      propertyPath: m_Name
      value: JumpablePlatform (1)
      objectReference: {fileID: 0}
    m_RemovedComponents: []
  m_ParentPrefab: {fileID: 100100000, guid: 0fda2ca5e79093e4e86c18e2722d1e30, type: 2}
  m_IsPrefabParent: 0
--- !u!1001 &236604528
Prefab:
  m_ObjectHideFlags: 0
  serializedVersion: 2
  m_Modification:
    m_TransformParent: {fileID: 1319460450}
    m_Modifications:
    - target: {fileID: 424150, guid: 0fda2ca5e79093e4e86c18e2722d1e30, type: 2}
      propertyPath: m_LocalPosition.x
      value: 129.16351
      objectReference: {fileID: 0}
    - target: {fileID: 424150, guid: 0fda2ca5e79093e4e86c18e2722d1e30, type: 2}
      propertyPath: m_LocalPosition.y
      value: 61.25689
      objectReference: {fileID: 0}
    - target: {fileID: 424150, guid: 0fda2ca5e79093e4e86c18e2722d1e30, type: 2}
      propertyPath: m_LocalPosition.z
      value: 0
      objectReference: {fileID: 0}
    - target: {fileID: 424150, guid: 0fda2ca5e79093e4e86c18e2722d1e30, type: 2}
      propertyPath: m_LocalRotation.x
      value: -0
      objectReference: {fileID: 0}
    - target: {fileID: 424150, guid: 0fda2ca5e79093e4e86c18e2722d1e30, type: 2}
      propertyPath: m_LocalRotation.y
      value: -0
      objectReference: {fileID: 0}
    - target: {fileID: 424150, guid: 0fda2ca5e79093e4e86c18e2722d1e30, type: 2}
      propertyPath: m_LocalRotation.z
      value: -0
      objectReference: {fileID: 0}
    - target: {fileID: 424150, guid: 0fda2ca5e79093e4e86c18e2722d1e30, type: 2}
      propertyPath: m_LocalRotation.w
      value: 1
      objectReference: {fileID: 0}
    - target: {fileID: 424150, guid: 0fda2ca5e79093e4e86c18e2722d1e30, type: 2}
      propertyPath: m_RootOrder
      value: 24
      objectReference: {fileID: 0}
    - target: {fileID: 198384, guid: 0fda2ca5e79093e4e86c18e2722d1e30, type: 2}
      propertyPath: m_Name
      value: JumpablePlatform (3)
      objectReference: {fileID: 0}
    m_RemovedComponents: []
  m_ParentPrefab: {fileID: 100100000, guid: 0fda2ca5e79093e4e86c18e2722d1e30, type: 2}
  m_IsPrefabParent: 0
--- !u!1 &386866321
GameObject:
  m_ObjectHideFlags: 0
  m_PrefabParentObject: {fileID: 0}
  m_PrefabInternal: {fileID: 0}
  serializedVersion: 4
  m_Component:
  - 4: {fileID: 386866324}
  - 114: {fileID: 386866323}
  - 114: {fileID: 386866322}
  m_Layer: 0
  m_Name: EventSystem
  m_TagString: Untagged
  m_Icon: {fileID: 0}
  m_NavMeshLayer: 0
  m_StaticEditorFlags: 0
  m_IsActive: 1
--- !u!114 &386866322
MonoBehaviour:
  m_ObjectHideFlags: 0
  m_PrefabParentObject: {fileID: 0}
  m_PrefabInternal: {fileID: 0}
  m_GameObject: {fileID: 386866321}
  m_Enabled: 1
  m_EditorHideFlags: 0
  m_Script: {fileID: 1077351063, guid: f5f67c52d1564df4a8936ccd202a3bd8, type: 3}
  m_Name: 
  m_EditorClassIdentifier: 
  m_HorizontalAxis: Horizontal
  m_VerticalAxis: Vertical
  m_SubmitButton: Submit
  m_CancelButton: Cancel
  m_InputActionsPerSecond: 10
  m_RepeatDelay: 0.5
  m_ForceModuleActive: 0
--- !u!114 &386866323
MonoBehaviour:
  m_ObjectHideFlags: 0
  m_PrefabParentObject: {fileID: 0}
  m_PrefabInternal: {fileID: 0}
  m_GameObject: {fileID: 386866321}
  m_Enabled: 1
  m_EditorHideFlags: 0
  m_Script: {fileID: -619905303, guid: f5f67c52d1564df4a8936ccd202a3bd8, type: 3}
  m_Name: 
  m_EditorClassIdentifier: 
  m_FirstSelected: {fileID: 0}
  m_sendNavigationEvents: 1
  m_DragThreshold: 5
--- !u!4 &386866324
Transform:
  m_ObjectHideFlags: 0
  m_PrefabParentObject: {fileID: 0}
  m_PrefabInternal: {fileID: 0}
  m_GameObject: {fileID: 386866321}
  m_LocalRotation: {x: 0, y: 0, z: 0, w: 1}
  m_LocalPosition: {x: 0, y: 0, z: 0}
  m_LocalScale: {x: 1, y: 1, z: 1}
  m_LocalEulerAnglesHint: {x: 0, y: 0, z: 0}
  m_Children: []
  m_Father: {fileID: 0}
  m_RootOrder: 5
--- !u!1001 &477595176
Prefab:
  m_ObjectHideFlags: 0
  serializedVersion: 2
  m_Modification:
    m_TransformParent: {fileID: 1319460450}
    m_Modifications:
    - target: {fileID: 414102, guid: b3c8d202a2dd95741ba65e7a7a9616f7, type: 2}
      propertyPath: m_LocalPosition.x
      value: 53.100002
      objectReference: {fileID: 0}
    - target: {fileID: 414102, guid: b3c8d202a2dd95741ba65e7a7a9616f7, type: 2}
      propertyPath: m_LocalPosition.y
      value: 39.34
      objectReference: {fileID: 0}
    - target: {fileID: 414102, guid: b3c8d202a2dd95741ba65e7a7a9616f7, type: 2}
      propertyPath: m_LocalPosition.z
      value: 0
      objectReference: {fileID: 0}
    - target: {fileID: 414102, guid: b3c8d202a2dd95741ba65e7a7a9616f7, type: 2}
      propertyPath: m_LocalRotation.x
      value: -0
      objectReference: {fileID: 0}
    - target: {fileID: 414102, guid: b3c8d202a2dd95741ba65e7a7a9616f7, type: 2}
      propertyPath: m_LocalRotation.y
      value: -0
      objectReference: {fileID: 0}
    - target: {fileID: 414102, guid: b3c8d202a2dd95741ba65e7a7a9616f7, type: 2}
      propertyPath: m_LocalRotation.z
      value: -0
      objectReference: {fileID: 0}
    - target: {fileID: 414102, guid: b3c8d202a2dd95741ba65e7a7a9616f7, type: 2}
      propertyPath: m_LocalRotation.w
      value: 1
      objectReference: {fileID: 0}
    - target: {fileID: 414102, guid: b3c8d202a2dd95741ba65e7a7a9616f7, type: 2}
      propertyPath: m_RootOrder
      value: 32
      objectReference: {fileID: 0}
    - target: {fileID: 414102, guid: b3c8d202a2dd95741ba65e7a7a9616f7, type: 2}
      propertyPath: m_LocalScale.x
      value: 0.1
      objectReference: {fileID: 0}
    - target: {fileID: 414102, guid: b3c8d202a2dd95741ba65e7a7a9616f7, type: 2}
      propertyPath: m_LocalScale.y
      value: 0.01
      objectReference: {fileID: 0}
    - target: {fileID: 103116, guid: b3c8d202a2dd95741ba65e7a7a9616f7, type: 2}
      propertyPath: m_Name
      value: SolidPlatform (1)
      objectReference: {fileID: 0}
    m_RemovedComponents: []
  m_ParentPrefab: {fileID: 100100000, guid: b3c8d202a2dd95741ba65e7a7a9616f7, type: 2}
  m_IsPrefabParent: 0
--- !u!1001 &497066343
Prefab:
  m_ObjectHideFlags: 0
  serializedVersion: 2
  m_Modification:
    m_TransformParent: {fileID: 1319460450}
    m_Modifications:
    - target: {fileID: 424150, guid: 0fda2ca5e79093e4e86c18e2722d1e30, type: 2}
      propertyPath: m_LocalPosition.x
      value: 77.31177
      objectReference: {fileID: 0}
    - target: {fileID: 424150, guid: 0fda2ca5e79093e4e86c18e2722d1e30, type: 2}
      propertyPath: m_LocalPosition.y
      value: 24.362045
      objectReference: {fileID: 0}
    - target: {fileID: 424150, guid: 0fda2ca5e79093e4e86c18e2722d1e30, type: 2}
      propertyPath: m_LocalPosition.z
      value: 0
      objectReference: {fileID: 0}
    - target: {fileID: 424150, guid: 0fda2ca5e79093e4e86c18e2722d1e30, type: 2}
      propertyPath: m_LocalRotation.x
      value: -0
      objectReference: {fileID: 0}
    - target: {fileID: 424150, guid: 0fda2ca5e79093e4e86c18e2722d1e30, type: 2}
      propertyPath: m_LocalRotation.y
      value: -0
      objectReference: {fileID: 0}
    - target: {fileID: 424150, guid: 0fda2ca5e79093e4e86c18e2722d1e30, type: 2}
      propertyPath: m_LocalRotation.z
      value: -0
      objectReference: {fileID: 0}
    - target: {fileID: 424150, guid: 0fda2ca5e79093e4e86c18e2722d1e30, type: 2}
      propertyPath: m_LocalRotation.w
      value: 1
      objectReference: {fileID: 0}
    - target: {fileID: 424150, guid: 0fda2ca5e79093e4e86c18e2722d1e30, type: 2}
      propertyPath: m_RootOrder
      value: 29
      objectReference: {fileID: 0}
    m_RemovedComponents: []
  m_ParentPrefab: {fileID: 100100000, guid: 0fda2ca5e79093e4e86c18e2722d1e30, type: 2}
  m_IsPrefabParent: 0
--- !u!1001 &572629764
Prefab:
  m_ObjectHideFlags: 0
  serializedVersion: 2
  m_Modification:
    m_TransformParent: {fileID: 1319460450}
    m_Modifications:
    - target: {fileID: 424150, guid: 0fda2ca5e79093e4e86c18e2722d1e30, type: 2}
      propertyPath: m_LocalPosition.x
      value: 77.31177
      objectReference: {fileID: 0}
    - target: {fileID: 424150, guid: 0fda2ca5e79093e4e86c18e2722d1e30, type: 2}
      propertyPath: m_LocalPosition.y
      value: 40.28
      objectReference: {fileID: 0}
    - target: {fileID: 424150, guid: 0fda2ca5e79093e4e86c18e2722d1e30, type: 2}
      propertyPath: m_LocalPosition.z
      value: 0
      objectReference: {fileID: 0}
    - target: {fileID: 424150, guid: 0fda2ca5e79093e4e86c18e2722d1e30, type: 2}
      propertyPath: m_LocalRotation.x
      value: -0
      objectReference: {fileID: 0}
    - target: {fileID: 424150, guid: 0fda2ca5e79093e4e86c18e2722d1e30, type: 2}
      propertyPath: m_LocalRotation.y
      value: -0
      objectReference: {fileID: 0}
    - target: {fileID: 424150, guid: 0fda2ca5e79093e4e86c18e2722d1e30, type: 2}
      propertyPath: m_LocalRotation.z
      value: -0
      objectReference: {fileID: 0}
    - target: {fileID: 424150, guid: 0fda2ca5e79093e4e86c18e2722d1e30, type: 2}
      propertyPath: m_LocalRotation.w
      value: 1
      objectReference: {fileID: 0}
    - target: {fileID: 424150, guid: 0fda2ca5e79093e4e86c18e2722d1e30, type: 2}
      propertyPath: m_RootOrder
      value: 30
      objectReference: {fileID: 0}
    - target: {fileID: 198384, guid: 0fda2ca5e79093e4e86c18e2722d1e30, type: 2}
      propertyPath: m_Name
      value: JumpablePlatform (2)
      objectReference: {fileID: 0}
    m_RemovedComponents: []
  m_ParentPrefab: {fileID: 100100000, guid: 0fda2ca5e79093e4e86c18e2722d1e30, type: 2}
  m_IsPrefabParent: 0
--- !u!1001 &648906831
Prefab:
  m_ObjectHideFlags: 0
  serializedVersion: 2
  m_Modification:
    m_TransformParent: {fileID: 1319460450}
    m_Modifications:
    - target: {fileID: 411914, guid: 2448a60a6d726794caba4b8aac3ed84c, type: 2}
      propertyPath: m_LocalPosition.x
      value: 47.090004
      objectReference: {fileID: 0}
    - target: {fileID: 411914, guid: 2448a60a6d726794caba4b8aac3ed84c, type: 2}
      propertyPath: m_LocalPosition.y
      value: 23.87
      objectReference: {fileID: 0}
    - target: {fileID: 411914, guid: 2448a60a6d726794caba4b8aac3ed84c, type: 2}
      propertyPath: m_LocalPosition.z
      value: 0
      objectReference: {fileID: 0}
    - target: {fileID: 411914, guid: 2448a60a6d726794caba4b8aac3ed84c, type: 2}
      propertyPath: m_LocalRotation.x
      value: -0
      objectReference: {fileID: 0}
    - target: {fileID: 411914, guid: 2448a60a6d726794caba4b8aac3ed84c, type: 2}
      propertyPath: m_LocalRotation.y
      value: -0
      objectReference: {fileID: 0}
    - target: {fileID: 411914, guid: 2448a60a6d726794caba4b8aac3ed84c, type: 2}
      propertyPath: m_LocalRotation.z
      value: 1
      objectReference: {fileID: 0}
    - target: {fileID: 411914, guid: 2448a60a6d726794caba4b8aac3ed84c, type: 2}
      propertyPath: m_LocalRotation.w
      value: 0
      objectReference: {fileID: 0}
    - target: {fileID: 411914, guid: 2448a60a6d726794caba4b8aac3ed84c, type: 2}
      propertyPath: m_RootOrder
      value: 12
      objectReference: {fileID: 0}
    - target: {fileID: 411914, guid: 2448a60a6d726794caba4b8aac3ed84c, type: 2}
      propertyPath: m_LocalEulerAnglesHint.x
      value: 0
      objectReference: {fileID: 0}
    - target: {fileID: 411914, guid: 2448a60a6d726794caba4b8aac3ed84c, type: 2}
      propertyPath: m_LocalEulerAnglesHint.y
      value: 0
      objectReference: {fileID: 0}
    - target: {fileID: 411914, guid: 2448a60a6d726794caba4b8aac3ed84c, type: 2}
      propertyPath: m_LocalEulerAnglesHint.z
      value: 180
      objectReference: {fileID: 0}
    - target: {fileID: 104426, guid: 2448a60a6d726794caba4b8aac3ed84c, type: 2}
      propertyPath: m_Name
      value: Spikes_large (1)
      objectReference: {fileID: 0}
    - target: {fileID: 11453736, guid: 2448a60a6d726794caba4b8aac3ed84c, type: 2}
      propertyPath: deathCanvas
      value: 
      objectReference: {fileID: 1911115591}
    - target: {fileID: 11453736, guid: 2448a60a6d726794caba4b8aac3ed84c, type: 2}
      propertyPath: player
      value: 
      objectReference: {fileID: 120146, guid: 86b4eeb30c83de74da6f841e49c72835, type: 2}
    m_RemovedComponents: []
  m_ParentPrefab: {fileID: 100100000, guid: 2448a60a6d726794caba4b8aac3ed84c, type: 2}
  m_IsPrefabParent: 0
--- !u!1001 &748996499
Prefab:
  m_ObjectHideFlags: 0
  serializedVersion: 2
  m_Modification:
    m_TransformParent: {fileID: 1319460450}
    m_Modifications:
    - target: {fileID: 411914, guid: 2448a60a6d726794caba4b8aac3ed84c, type: 2}
      propertyPath: m_LocalPosition.x
      value: 58.99
      objectReference: {fileID: 0}
    - target: {fileID: 411914, guid: 2448a60a6d726794caba4b8aac3ed84c, type: 2}
      propertyPath: m_LocalPosition.y
      value: 23.94
      objectReference: {fileID: 0}
    - target: {fileID: 411914, guid: 2448a60a6d726794caba4b8aac3ed84c, type: 2}
      propertyPath: m_LocalPosition.z
      value: 0
      objectReference: {fileID: 0}
    - target: {fileID: 411914, guid: 2448a60a6d726794caba4b8aac3ed84c, type: 2}
      propertyPath: m_LocalRotation.x
      value: -0
      objectReference: {fileID: 0}
    - target: {fileID: 411914, guid: 2448a60a6d726794caba4b8aac3ed84c, type: 2}
      propertyPath: m_LocalRotation.y
      value: -0
      objectReference: {fileID: 0}
    - target: {fileID: 411914, guid: 2448a60a6d726794caba4b8aac3ed84c, type: 2}
      propertyPath: m_LocalRotation.z
      value: 1
      objectReference: {fileID: 0}
    - target: {fileID: 411914, guid: 2448a60a6d726794caba4b8aac3ed84c, type: 2}
      propertyPath: m_LocalRotation.w
      value: 0
      objectReference: {fileID: 0}
    - target: {fileID: 411914, guid: 2448a60a6d726794caba4b8aac3ed84c, type: 2}
      propertyPath: m_RootOrder
      value: 5
      objectReference: {fileID: 0}
    - target: {fileID: 411914, guid: 2448a60a6d726794caba4b8aac3ed84c, type: 2}
      propertyPath: m_LocalEulerAnglesHint.x
      value: 0
      objectReference: {fileID: 0}
    - target: {fileID: 411914, guid: 2448a60a6d726794caba4b8aac3ed84c, type: 2}
      propertyPath: m_LocalEulerAnglesHint.y
      value: 0
      objectReference: {fileID: 0}
    - target: {fileID: 411914, guid: 2448a60a6d726794caba4b8aac3ed84c, type: 2}
      propertyPath: m_LocalEulerAnglesHint.z
      value: 180
      objectReference: {fileID: 0}
    - target: {fileID: 11453736, guid: 2448a60a6d726794caba4b8aac3ed84c, type: 2}
      propertyPath: deathCanvas
      value: 
      objectReference: {fileID: 1911115591}
    - target: {fileID: 11453736, guid: 2448a60a6d726794caba4b8aac3ed84c, type: 2}
      propertyPath: player
      value: 
      objectReference: {fileID: 120146, guid: 86b4eeb30c83de74da6f841e49c72835, type: 2}
    m_RemovedComponents: []
  m_ParentPrefab: {fileID: 100100000, guid: 2448a60a6d726794caba4b8aac3ed84c, type: 2}
  m_IsPrefabParent: 0
--- !u!1001 &773241251
Prefab:
  m_ObjectHideFlags: 0
  serializedVersion: 2
  m_Modification:
    m_TransformParent: {fileID: 1319460450}
    m_Modifications:
    - target: {fileID: 411914, guid: 2448a60a6d726794caba4b8aac3ed84c, type: 2}
      propertyPath: m_LocalPosition.x
      value: 112.3
      objectReference: {fileID: 0}
    - target: {fileID: 411914, guid: 2448a60a6d726794caba4b8aac3ed84c, type: 2}
      propertyPath: m_LocalPosition.y
      value: 18.72
      objectReference: {fileID: 0}
    - target: {fileID: 411914, guid: 2448a60a6d726794caba4b8aac3ed84c, type: 2}
      propertyPath: m_LocalPosition.z
      value: 0
      objectReference: {fileID: 0}
    - target: {fileID: 411914, guid: 2448a60a6d726794caba4b8aac3ed84c, type: 2}
      propertyPath: m_LocalRotation.x
      value: -0
      objectReference: {fileID: 0}
    - target: {fileID: 411914, guid: 2448a60a6d726794caba4b8aac3ed84c, type: 2}
      propertyPath: m_LocalRotation.y
      value: -0
      objectReference: {fileID: 0}
    - target: {fileID: 411914, guid: 2448a60a6d726794caba4b8aac3ed84c, type: 2}
      propertyPath: m_LocalRotation.z
      value: -0
      objectReference: {fileID: 0}
    - target: {fileID: 411914, guid: 2448a60a6d726794caba4b8aac3ed84c, type: 2}
      propertyPath: m_LocalRotation.w
      value: 1
      objectReference: {fileID: 0}
    - target: {fileID: 411914, guid: 2448a60a6d726794caba4b8aac3ed84c, type: 2}
      propertyPath: m_RootOrder
      value: 21
      objectReference: {fileID: 0}
    - target: {fileID: 411914, guid: 2448a60a6d726794caba4b8aac3ed84c, type: 2}
      propertyPath: m_LocalEulerAnglesHint.x
      value: 0
      objectReference: {fileID: 0}
    - target: {fileID: 411914, guid: 2448a60a6d726794caba4b8aac3ed84c, type: 2}
      propertyPath: m_LocalEulerAnglesHint.y
      value: 0
      objectReference: {fileID: 0}
    - target: {fileID: 411914, guid: 2448a60a6d726794caba4b8aac3ed84c, type: 2}
      propertyPath: m_LocalEulerAnglesHint.z
      value: 0
      objectReference: {fileID: 0}
    - target: {fileID: 11453736, guid: 2448a60a6d726794caba4b8aac3ed84c, type: 2}
      propertyPath: deathCanvas
      value: 
      objectReference: {fileID: 1911115591}
    - target: {fileID: 11453736, guid: 2448a60a6d726794caba4b8aac3ed84c, type: 2}
      propertyPath: player
      value: 
      objectReference: {fileID: 120146, guid: 86b4eeb30c83de74da6f841e49c72835, type: 2}
    - target: {fileID: 104426, guid: 2448a60a6d726794caba4b8aac3ed84c, type: 2}
      propertyPath: m_Name
      value: Spikes_large (6)
      objectReference: {fileID: 0}
    m_RemovedComponents: []
  m_ParentPrefab: {fileID: 100100000, guid: 2448a60a6d726794caba4b8aac3ed84c, type: 2}
  m_IsPrefabParent: 0
--- !u!1001 &779929937
Prefab:
  m_ObjectHideFlags: 0
  serializedVersion: 2
  m_Modification:
    m_TransformParent: {fileID: 1319460450}
    m_Modifications:
    - target: {fileID: 488904, guid: 6625be97d3207cf429130f3aecbf0d82, type: 2}
      propertyPath: m_LocalPosition.x
      value: 129.18446
      objectReference: {fileID: 0}
    - target: {fileID: 488904, guid: 6625be97d3207cf429130f3aecbf0d82, type: 2}
      propertyPath: m_LocalPosition.y
      value: 55.980057
      objectReference: {fileID: 0}
    - target: {fileID: 488904, guid: 6625be97d3207cf429130f3aecbf0d82, type: 2}
      propertyPath: m_LocalPosition.z
      value: 0
      objectReference: {fileID: 0}
    - target: {fileID: 488904, guid: 6625be97d3207cf429130f3aecbf0d82, type: 2}
      propertyPath: m_LocalRotation.x
      value: -0
      objectReference: {fileID: 0}
    - target: {fileID: 488904, guid: 6625be97d3207cf429130f3aecbf0d82, type: 2}
      propertyPath: m_LocalRotation.y
      value: -0
      objectReference: {fileID: 0}
    - target: {fileID: 488904, guid: 6625be97d3207cf429130f3aecbf0d82, type: 2}
      propertyPath: m_LocalRotation.z
      value: -0
      objectReference: {fileID: 0}
    - target: {fileID: 488904, guid: 6625be97d3207cf429130f3aecbf0d82, type: 2}
      propertyPath: m_LocalRotation.w
      value: 1
      objectReference: {fileID: 0}
    - target: {fileID: 488904, guid: 6625be97d3207cf429130f3aecbf0d82, type: 2}
      propertyPath: m_RootOrder
      value: 25
      objectReference: {fileID: 0}
    - target: {fileID: 197152, guid: 6625be97d3207cf429130f3aecbf0d82, type: 2}
      propertyPath: m_Name
      value: Pickup (1)
      objectReference: {fileID: 0}
    m_RemovedComponents: []
  m_ParentPrefab: {fileID: 100100000, guid: 6625be97d3207cf429130f3aecbf0d82, type: 2}
  m_IsPrefabParent: 0
--- !u!1001 &826982141
Prefab:
  m_ObjectHideFlags: 0
  serializedVersion: 2
  m_Modification:
    m_TransformParent: {fileID: 1319460450}
    m_Modifications:
    - target: {fileID: 468320, guid: 252ed4b6632ac904fbfbab8dacdaedd4, type: 2}
      propertyPath: m_LocalPosition.x
      value: 41.29
      objectReference: {fileID: 0}
    - target: {fileID: 468320, guid: 252ed4b6632ac904fbfbab8dacdaedd4, type: 2}
      propertyPath: m_LocalPosition.y
      value: 31.301617
      objectReference: {fileID: 0}
    - target: {fileID: 468320, guid: 252ed4b6632ac904fbfbab8dacdaedd4, type: 2}
      propertyPath: m_LocalPosition.z
      value: 0
      objectReference: {fileID: 0}
    - target: {fileID: 468320, guid: 252ed4b6632ac904fbfbab8dacdaedd4, type: 2}
      propertyPath: m_LocalRotation.x
      value: -0
      objectReference: {fileID: 0}
    - target: {fileID: 468320, guid: 252ed4b6632ac904fbfbab8dacdaedd4, type: 2}
      propertyPath: m_LocalRotation.y
      value: -0
      objectReference: {fileID: 0}
    - target: {fileID: 468320, guid: 252ed4b6632ac904fbfbab8dacdaedd4, type: 2}
      propertyPath: m_LocalRotation.z
      value: 0.7071068
      objectReference: {fileID: 0}
    - target: {fileID: 468320, guid: 252ed4b6632ac904fbfbab8dacdaedd4, type: 2}
      propertyPath: m_LocalRotation.w
      value: 0.7071067
      objectReference: {fileID: 0}
    - target: {fileID: 468320, guid: 252ed4b6632ac904fbfbab8dacdaedd4, type: 2}
      propertyPath: m_RootOrder
      value: 7
      objectReference: {fileID: 0}
    - target: {fileID: 468320, guid: 252ed4b6632ac904fbfbab8dacdaedd4, type: 2}
      propertyPath: m_LocalScale.x
      value: 1
      objectReference: {fileID: 0}
    - target: {fileID: 468320, guid: 252ed4b6632ac904fbfbab8dacdaedd4, type: 2}
      propertyPath: m_LocalScale.y
      value: 0.09999997
      objectReference: {fileID: 0}
    m_RemovedComponents: []
  m_ParentPrefab: {fileID: 100100000, guid: 252ed4b6632ac904fbfbab8dacdaedd4, type: 2}
  m_IsPrefabParent: 0
--- !u!1001 &842403238
Prefab:
  m_ObjectHideFlags: 0
  serializedVersion: 2
  m_Modification:
    m_TransformParent: {fileID: 1319460450}
    m_Modifications:
    - target: {fileID: 411914, guid: 2448a60a6d726794caba4b8aac3ed84c, type: 2}
      propertyPath: m_LocalPosition.x
      value: 58.99
      objectReference: {fileID: 0}
    - target: {fileID: 411914, guid: 2448a60a6d726794caba4b8aac3ed84c, type: 2}
      propertyPath: m_LocalPosition.y
      value: 26.1
      objectReference: {fileID: 0}
    - target: {fileID: 411914, guid: 2448a60a6d726794caba4b8aac3ed84c, type: 2}
      propertyPath: m_LocalPosition.z
      value: 0
      objectReference: {fileID: 0}
    - target: {fileID: 411914, guid: 2448a60a6d726794caba4b8aac3ed84c, type: 2}
      propertyPath: m_LocalRotation.x
      value: 0
      objectReference: {fileID: 0}
    - target: {fileID: 411914, guid: 2448a60a6d726794caba4b8aac3ed84c, type: 2}
      propertyPath: m_LocalRotation.y
      value: 0
      objectReference: {fileID: 0}
    - target: {fileID: 411914, guid: 2448a60a6d726794caba4b8aac3ed84c, type: 2}
      propertyPath: m_LocalRotation.z
      value: 0
      objectReference: {fileID: 0}
    - target: {fileID: 411914, guid: 2448a60a6d726794caba4b8aac3ed84c, type: 2}
      propertyPath: m_LocalRotation.w
      value: 1
      objectReference: {fileID: 0}
    - target: {fileID: 411914, guid: 2448a60a6d726794caba4b8aac3ed84c, type: 2}
      propertyPath: m_RootOrder
      value: 14
      objectReference: {fileID: 0}
    - target: {fileID: 411914, guid: 2448a60a6d726794caba4b8aac3ed84c, type: 2}
      propertyPath: m_LocalEulerAnglesHint.x
      value: 0
      objectReference: {fileID: 0}
    - target: {fileID: 411914, guid: 2448a60a6d726794caba4b8aac3ed84c, type: 2}
      propertyPath: m_LocalEulerAnglesHint.y
      value: 0
      objectReference: {fileID: 0}
    - target: {fileID: 411914, guid: 2448a60a6d726794caba4b8aac3ed84c, type: 2}
      propertyPath: m_LocalEulerAnglesHint.z
      value: 0
      objectReference: {fileID: 0}
    - target: {fileID: 11453736, guid: 2448a60a6d726794caba4b8aac3ed84c, type: 2}
      propertyPath: deathCanvas
      value: 
      objectReference: {fileID: 1911115591}
    - target: {fileID: 11453736, guid: 2448a60a6d726794caba4b8aac3ed84c, type: 2}
      propertyPath: player
      value: 
      objectReference: {fileID: 120146, guid: 86b4eeb30c83de74da6f841e49c72835, type: 2}
    - target: {fileID: 104426, guid: 2448a60a6d726794caba4b8aac3ed84c, type: 2}
      propertyPath: m_Name
      value: Spikes_large (2)
      objectReference: {fileID: 0}
    m_RemovedComponents: []
  m_ParentPrefab: {fileID: 100100000, guid: 2448a60a6d726794caba4b8aac3ed84c, type: 2}
  m_IsPrefabParent: 0
--- !u!1001 &1010108959
Prefab:
  m_ObjectHideFlags: 0
  serializedVersion: 2
  m_Modification:
    m_TransformParent: {fileID: 1319460450}
    m_Modifications:
    - target: {fileID: 414102, guid: b3c8d202a2dd95741ba65e7a7a9616f7, type: 2}
      propertyPath: m_LocalPosition.x
      value: 94
      objectReference: {fileID: 0}
    - target: {fileID: 414102, guid: b3c8d202a2dd95741ba65e7a7a9616f7, type: 2}
      propertyPath: m_LocalPosition.y
      value: 44.4
      objectReference: {fileID: 0}
    - target: {fileID: 414102, guid: b3c8d202a2dd95741ba65e7a7a9616f7, type: 2}
      propertyPath: m_LocalPosition.z
      value: 0
      objectReference: {fileID: 0}
    - target: {fileID: 414102, guid: b3c8d202a2dd95741ba65e7a7a9616f7, type: 2}
      propertyPath: m_LocalRotation.x
      value: -0
      objectReference: {fileID: 0}
    - target: {fileID: 414102, guid: b3c8d202a2dd95741ba65e7a7a9616f7, type: 2}
      propertyPath: m_LocalRotation.y
      value: -0
      objectReference: {fileID: 0}
    - target: {fileID: 414102, guid: b3c8d202a2dd95741ba65e7a7a9616f7, type: 2}
      propertyPath: m_LocalRotation.z
      value: -0
      objectReference: {fileID: 0}
    - target: {fileID: 414102, guid: b3c8d202a2dd95741ba65e7a7a9616f7, type: 2}
      propertyPath: m_LocalRotation.w
      value: 1
      objectReference: {fileID: 0}
    - target: {fileID: 414102, guid: b3c8d202a2dd95741ba65e7a7a9616f7, type: 2}
      propertyPath: m_RootOrder
      value: 16
      objectReference: {fileID: 0}
    - target: {fileID: 103116, guid: b3c8d202a2dd95741ba65e7a7a9616f7, type: 2}
      propertyPath: m_Name
      value: SolidPlatform (1)
      objectReference: {fileID: 0}
    m_RemovedComponents: []
  m_ParentPrefab: {fileID: 100100000, guid: b3c8d202a2dd95741ba65e7a7a9616f7, type: 2}
  m_IsPrefabParent: 0
--- !u!1001 &1083171343
Prefab:
  m_ObjectHideFlags: 0
  serializedVersion: 2
  m_Modification:
    m_TransformParent: {fileID: 0}
    m_Modifications:
    - target: {fileID: 22408940, guid: 36c34fbbc3290304f9745d9bfaabd7e3, type: 2}
      propertyPath: m_LocalPosition.x
      value: 0
      objectReference: {fileID: 0}
    - target: {fileID: 22408940, guid: 36c34fbbc3290304f9745d9bfaabd7e3, type: 2}
      propertyPath: m_LocalPosition.y
      value: 0
      objectReference: {fileID: 0}
    - target: {fileID: 22408940, guid: 36c34fbbc3290304f9745d9bfaabd7e3, type: 2}
      propertyPath: m_LocalPosition.z
      value: 0
      objectReference: {fileID: 0}
    - target: {fileID: 22408940, guid: 36c34fbbc3290304f9745d9bfaabd7e3, type: 2}
      propertyPath: m_LocalRotation.x
      value: 0
      objectReference: {fileID: 0}
    - target: {fileID: 22408940, guid: 36c34fbbc3290304f9745d9bfaabd7e3, type: 2}
      propertyPath: m_LocalRotation.y
      value: 0
      objectReference: {fileID: 0}
    - target: {fileID: 22408940, guid: 36c34fbbc3290304f9745d9bfaabd7e3, type: 2}
      propertyPath: m_LocalRotation.z
      value: 0
      objectReference: {fileID: 0}
    - target: {fileID: 22408940, guid: 36c34fbbc3290304f9745d9bfaabd7e3, type: 2}
      propertyPath: m_LocalRotation.w
      value: 1
      objectReference: {fileID: 0}
    - target: {fileID: 22408940, guid: 36c34fbbc3290304f9745d9bfaabd7e3, type: 2}
      propertyPath: m_RootOrder
      value: 3
      objectReference: {fileID: 0}
    - target: {fileID: 22408940, guid: 36c34fbbc3290304f9745d9bfaabd7e3, type: 2}
      propertyPath: m_AnchoredPosition.x
      value: 0
      objectReference: {fileID: 0}
    - target: {fileID: 22408940, guid: 36c34fbbc3290304f9745d9bfaabd7e3, type: 2}
      propertyPath: m_AnchoredPosition.y
      value: 0
      objectReference: {fileID: 0}
    - target: {fileID: 22408940, guid: 36c34fbbc3290304f9745d9bfaabd7e3, type: 2}
      propertyPath: m_SizeDelta.x
      value: 0
      objectReference: {fileID: 0}
    - target: {fileID: 22408940, guid: 36c34fbbc3290304f9745d9bfaabd7e3, type: 2}
      propertyPath: m_SizeDelta.y
      value: 0
      objectReference: {fileID: 0}
    - target: {fileID: 22408940, guid: 36c34fbbc3290304f9745d9bfaabd7e3, type: 2}
      propertyPath: m_AnchorMin.x
      value: 0
      objectReference: {fileID: 0}
    - target: {fileID: 22408940, guid: 36c34fbbc3290304f9745d9bfaabd7e3, type: 2}
      propertyPath: m_AnchorMin.y
      value: 0
      objectReference: {fileID: 0}
    - target: {fileID: 22408940, guid: 36c34fbbc3290304f9745d9bfaabd7e3, type: 2}
      propertyPath: m_AnchorMax.x
      value: 0
      objectReference: {fileID: 0}
    - target: {fileID: 22408940, guid: 36c34fbbc3290304f9745d9bfaabd7e3, type: 2}
      propertyPath: m_AnchorMax.y
      value: 0
      objectReference: {fileID: 0}
    - target: {fileID: 22408940, guid: 36c34fbbc3290304f9745d9bfaabd7e3, type: 2}
      propertyPath: m_Pivot.x
      value: 0
      objectReference: {fileID: 0}
    - target: {fileID: 22408940, guid: 36c34fbbc3290304f9745d9bfaabd7e3, type: 2}
      propertyPath: m_Pivot.y
      value: 0
      objectReference: {fileID: 0}
    - target: {fileID: 11402214, guid: 36c34fbbc3290304f9745d9bfaabd7e3, type: 2}
      propertyPath: m_OnClick.m_PersistentCalls.m_Calls.Array.data[0].m_Target
      value: 
      objectReference: {fileID: 1319460449}
    - target: {fileID: 11402214, guid: 36c34fbbc3290304f9745d9bfaabd7e3, type: 2}
      propertyPath: m_OnClick.m_PersistentCalls.m_Calls.Array.data[0].m_MethodName
      value: NextLevel
      objectReference: {fileID: 0}
    - target: {fileID: 11402214, guid: 36c34fbbc3290304f9745d9bfaabd7e3, type: 2}
      propertyPath: m_OnClick.m_PersistentCalls.m_Calls.Array.data[0].m_Arguments.m_StringArgument
      value: scene15
      objectReference: {fileID: 0}
    - target: {fileID: 11468730, guid: 36c34fbbc3290304f9745d9bfaabd7e3, type: 2}
      propertyPath: m_OnClick.m_PersistentCalls.m_Calls.Array.data[0].m_Target
      value: 
      objectReference: {fileID: 1319460449}
    - target: {fileID: 11468730, guid: 36c34fbbc3290304f9745d9bfaabd7e3, type: 2}
      propertyPath: m_OnClick.m_PersistentCalls.m_Calls.Array.data[0].m_MethodName
      value: QuitToMenu
      objectReference: {fileID: 0}
    - target: {fileID: 11431490, guid: 36c34fbbc3290304f9745d9bfaabd7e3, type: 2}
      propertyPath: m_OnClick.m_PersistentCalls.m_Calls.Array.data[0].m_Target
      value: 
      objectReference: {fileID: 1319460449}
    - target: {fileID: 11431490, guid: 36c34fbbc3290304f9745d9bfaabd7e3, type: 2}
      propertyPath: m_OnClick.m_PersistentCalls.m_Calls.Array.data[0].m_MethodName
      value: RestartLevel
      objectReference: {fileID: 0}
    - target: {fileID: 168902, guid: 36c34fbbc3290304f9745d9bfaabd7e3, type: 2}
      propertyPath: m_IsActive
      value: 1
      objectReference: {fileID: 0}
    - target: {fileID: 11421512, guid: 36c34fbbc3290304f9745d9bfaabd7e3, type: 2}
      propertyPath: m_OnClick.m_PersistentCalls.m_Calls.Array.data[0].m_Target
      value: 
      objectReference: {fileID: 1319460449}
    - target: {fileID: 11421512, guid: 36c34fbbc3290304f9745d9bfaabd7e3, type: 2}
      propertyPath: m_OnClick.m_PersistentCalls.m_Calls.Array.data[0].m_MethodName
      value: RestartLevel
      objectReference: {fileID: 0}
    - target: {fileID: 11439462, guid: 36c34fbbc3290304f9745d9bfaabd7e3, type: 2}
      propertyPath: m_OnClick.m_PersistentCalls.m_Calls.Array.data[0].m_Target
      value: 
      objectReference: {fileID: 1319460449}
    - target: {fileID: 11439462, guid: 36c34fbbc3290304f9745d9bfaabd7e3, type: 2}
      propertyPath: m_OnClick.m_PersistentCalls.m_Calls.Array.data[0].m_MethodName
      value: QuitToMenu
      objectReference: {fileID: 0}
    m_RemovedComponents: []
  m_ParentPrefab: {fileID: 100100000, guid: 36c34fbbc3290304f9745d9bfaabd7e3, type: 2}
  m_IsPrefabParent: 0
--- !u!114 &1083171344 stripped
MonoBehaviour:
  m_PrefabParentObject: {fileID: 11463896, guid: 36c34fbbc3290304f9745d9bfaabd7e3,
    type: 2}
  m_PrefabInternal: {fileID: 1083171343}
  m_Script: {fileID: 708705254, guid: f5f67c52d1564df4a8936ccd202a3bd8, type: 3}
--- !u!1 &1083171345 stripped
GameObject:
  m_PrefabParentObject: {fileID: 175970, guid: 36c34fbbc3290304f9745d9bfaabd7e3, type: 2}
  m_PrefabInternal: {fileID: 1083171343}
--- !u!1001 &1306689353
Prefab:
  m_ObjectHideFlags: 0
  serializedVersion: 2
  m_Modification:
    m_TransformParent: {fileID: 1319460450}
    m_Modifications:
    - target: {fileID: 414102, guid: b3c8d202a2dd95741ba65e7a7a9616f7, type: 2}
      propertyPath: m_LocalPosition.x
      value: 128.9
      objectReference: {fileID: 0}
    - target: {fileID: 414102, guid: b3c8d202a2dd95741ba65e7a7a9616f7, type: 2}
      propertyPath: m_LocalPosition.y
      value: 53.3
      objectReference: {fileID: 0}
    - target: {fileID: 414102, guid: b3c8d202a2dd95741ba65e7a7a9616f7, type: 2}
      propertyPath: m_LocalPosition.z
      value: 0
      objectReference: {fileID: 0}
    - target: {fileID: 414102, guid: b3c8d202a2dd95741ba65e7a7a9616f7, type: 2}
      propertyPath: m_LocalRotation.x
      value: -0
      objectReference: {fileID: 0}
    - target: {fileID: 414102, guid: b3c8d202a2dd95741ba65e7a7a9616f7, type: 2}
      propertyPath: m_LocalRotation.y
      value: -0
      objectReference: {fileID: 0}
    - target: {fileID: 414102, guid: b3c8d202a2dd95741ba65e7a7a9616f7, type: 2}
      propertyPath: m_LocalRotation.z
      value: -0
      objectReference: {fileID: 0}
    - target: {fileID: 414102, guid: b3c8d202a2dd95741ba65e7a7a9616f7, type: 2}
      propertyPath: m_LocalRotation.w
      value: 1
      objectReference: {fileID: 0}
    - target: {fileID: 414102, guid: b3c8d202a2dd95741ba65e7a7a9616f7, type: 2}
      propertyPath: m_RootOrder
      value: 18
      objectReference: {fileID: 0}
    - target: {fileID: 103116, guid: b3c8d202a2dd95741ba65e7a7a9616f7, type: 2}
      propertyPath: m_Name
      value: SolidPlatform (3)
      objectReference: {fileID: 0}
    m_RemovedComponents: []
  m_ParentPrefab: {fileID: 100100000, guid: b3c8d202a2dd95741ba65e7a7a9616f7, type: 2}
  m_IsPrefabParent: 0
--- !u!1001 &1319460448
Prefab:
  m_ObjectHideFlags: 0
  serializedVersion: 2
  m_Modification:
    m_TransformParent: {fileID: 0}
    m_Modifications:
    - target: {fileID: 488648, guid: 49df90c8b626b294681e796324ced7e0, type: 2}
      propertyPath: m_LocalPosition.x
      value: -35.99
      objectReference: {fileID: 0}
    - target: {fileID: 488648, guid: 49df90c8b626b294681e796324ced7e0, type: 2}
      propertyPath: m_LocalPosition.y
      value: -20.28
      objectReference: {fileID: 0}
    - target: {fileID: 488648, guid: 49df90c8b626b294681e796324ced7e0, type: 2}
      propertyPath: m_LocalPosition.z
      value: 0
      objectReference: {fileID: 0}
    - target: {fileID: 488648, guid: 49df90c8b626b294681e796324ced7e0, type: 2}
      propertyPath: m_LocalRotation.x
      value: 0
      objectReference: {fileID: 0}
    - target: {fileID: 488648, guid: 49df90c8b626b294681e796324ced7e0, type: 2}
      propertyPath: m_LocalRotation.y
      value: 0
      objectReference: {fileID: 0}
    - target: {fileID: 488648, guid: 49df90c8b626b294681e796324ced7e0, type: 2}
      propertyPath: m_LocalRotation.z
      value: 0
      objectReference: {fileID: 0}
    - target: {fileID: 488648, guid: 49df90c8b626b294681e796324ced7e0, type: 2}
      propertyPath: m_LocalRotation.w
      value: 1
      objectReference: {fileID: 0}
    - target: {fileID: 488648, guid: 49df90c8b626b294681e796324ced7e0, type: 2}
      propertyPath: m_RootOrder
      value: 0
      objectReference: {fileID: 0}
    - target: {fileID: 11466550, guid: 49df90c8b626b294681e796324ced7e0, type: 2}
      propertyPath: completedLevelCanvas
      value: 
      objectReference: {fileID: 1083171345}
    - target: {fileID: 11466550, guid: 49df90c8b626b294681e796324ced7e0, type: 2}
      propertyPath: gc
      value: 
      objectReference: {fileID: 142375329}
    - target: {fileID: 11466550, guid: 49df90c8b626b294681e796324ced7e0, type: 2}
      propertyPath: pickupText
      value: 
      objectReference: {fileID: 1083171344}
    - target: {fileID: 421354, guid: 49df90c8b626b294681e796324ced7e0, type: 2}
      propertyPath: m_LocalPosition.x
      value: 35.5
      objectReference: {fileID: 0}
    - target: {fileID: 421354, guid: 49df90c8b626b294681e796324ced7e0, type: 2}
      propertyPath: m_LocalPosition.y
      value: 64.2
      objectReference: {fileID: 0}
    - target: {fileID: 11466550, guid: 49df90c8b626b294681e796324ced7e0, type: 2}
      propertyPath: levelNum
      value: 14
      objectReference: {fileID: 0}
    m_RemovedComponents: []
  m_ParentPrefab: {fileID: 100100000, guid: 49df90c8b626b294681e796324ced7e0, type: 2}
  m_IsPrefabParent: 0
--- !u!114 &1319460449 stripped
MonoBehaviour:
  m_PrefabParentObject: {fileID: 11466550, guid: 49df90c8b626b294681e796324ced7e0,
    type: 2}
  m_PrefabInternal: {fileID: 1319460448}
  m_Script: {fileID: 11500000, guid: 4cc65db841c08e5488cda68e115b4f70, type: 3}
--- !u!4 &1319460450 stripped
Transform:
  m_PrefabParentObject: {fileID: 488648, guid: 49df90c8b626b294681e796324ced7e0, type: 2}
  m_PrefabInternal: {fileID: 1319460448}
--- !u!1001 &1322233131
Prefab:
  m_ObjectHideFlags: 0
  serializedVersion: 2
  m_Modification:
    m_TransformParent: {fileID: 1319460450}
    m_Modifications:
    - target: {fileID: 473672, guid: 06f2b783c843af54ab413658b7b33698, type: 2}
      propertyPath: m_LocalPosition.x
      value: 65.090004
      objectReference: {fileID: 0}
    - target: {fileID: 473672, guid: 06f2b783c843af54ab413658b7b33698, type: 2}
      propertyPath: m_LocalPosition.y
      value: 18.68
      objectReference: {fileID: 0}
    - target: {fileID: 473672, guid: 06f2b783c843af54ab413658b7b33698, type: 2}
      propertyPath: m_LocalPosition.z
      value: 0
      objectReference: {fileID: 0}
    - target: {fileID: 473672, guid: 06f2b783c843af54ab413658b7b33698, type: 2}
      propertyPath: m_LocalRotation.x
      value: -0
      objectReference: {fileID: 0}
    - target: {fileID: 473672, guid: 06f2b783c843af54ab413658b7b33698, type: 2}
      propertyPath: m_LocalRotation.y
      value: -0
      objectReference: {fileID: 0}
    - target: {fileID: 473672, guid: 06f2b783c843af54ab413658b7b33698, type: 2}
      propertyPath: m_LocalRotation.z
      value: -0
      objectReference: {fileID: 0}
    - target: {fileID: 473672, guid: 06f2b783c843af54ab413658b7b33698, type: 2}
      propertyPath: m_LocalRotation.w
      value: 1
      objectReference: {fileID: 0}
    - target: {fileID: 473672, guid: 06f2b783c843af54ab413658b7b33698, type: 2}
      propertyPath: m_RootOrder
      value: 11
      objectReference: {fileID: 0}
    - target: {fileID: 144830, guid: 06f2b783c843af54ab413658b7b33698, type: 2}
      propertyPath: m_Name
      value: Spikes_small (2)
      objectReference: {fileID: 0}
    - target: {fileID: 11464240, guid: 06f2b783c843af54ab413658b7b33698, type: 2}
      propertyPath: deathCanvas
      value: 
      objectReference: {fileID: 1911115591}
    - target: {fileID: 11464240, guid: 06f2b783c843af54ab413658b7b33698, type: 2}
      propertyPath: player
      value: 
      objectReference: {fileID: 120146, guid: 86b4eeb30c83de74da6f841e49c72835, type: 2}
    m_RemovedComponents: []
  m_ParentPrefab: {fileID: 100100000, guid: 06f2b783c843af54ab413658b7b33698, type: 2}
  m_IsPrefabParent: 0
--- !u!1001 &1391108849
Prefab:
  m_ObjectHideFlags: 0
  serializedVersion: 2
  m_Modification:
    m_TransformParent: {fileID: 1319460450}
    m_Modifications:
    - target: {fileID: 488904, guid: 6625be97d3207cf429130f3aecbf0d82, type: 2}
      propertyPath: m_LocalPosition.x
      value: 53.157265
      objectReference: {fileID: 0}
    - target: {fileID: 488904, guid: 6625be97d3207cf429130f3aecbf0d82, type: 2}
      propertyPath: m_LocalPosition.y
      value: 40.652542
      objectReference: {fileID: 0}
    - target: {fileID: 488904, guid: 6625be97d3207cf429130f3aecbf0d82, type: 2}
      propertyPath: m_LocalPosition.z
      value: 0
      objectReference: {fileID: 0}
    - target: {fileID: 488904, guid: 6625be97d3207cf429130f3aecbf0d82, type: 2}
      propertyPath: m_LocalRotation.x
      value: -0
      objectReference: {fileID: 0}
    - target: {fileID: 488904, guid: 6625be97d3207cf429130f3aecbf0d82, type: 2}
      propertyPath: m_LocalRotation.y
      value: -0
      objectReference: {fileID: 0}
    - target: {fileID: 488904, guid: 6625be97d3207cf429130f3aecbf0d82, type: 2}
      propertyPath: m_LocalRotation.z
      value: -0
      objectReference: {fileID: 0}
    - target: {fileID: 488904, guid: 6625be97d3207cf429130f3aecbf0d82, type: 2}
      propertyPath: m_LocalRotation.w
      value: 1
      objectReference: {fileID: 0}
    - target: {fileID: 488904, guid: 6625be97d3207cf429130f3aecbf0d82, type: 2}
      propertyPath: m_RootOrder
      value: 28
      objectReference: {fileID: 0}
    m_RemovedComponents: []
  m_ParentPrefab: {fileID: 100100000, guid: 6625be97d3207cf429130f3aecbf0d82, type: 2}
  m_IsPrefabParent: 0
--- !u!1001 &1441921093
Prefab:
  m_ObjectHideFlags: 0
  serializedVersion: 2
  m_Modification:
    m_TransformParent: {fileID: 1319460450}
    m_Modifications:
    - target: {fileID: 411914, guid: 2448a60a6d726794caba4b8aac3ed84c, type: 2}
      propertyPath: m_LocalPosition.x
      value: 47.2
      objectReference: {fileID: 0}
    - target: {fileID: 411914, guid: 2448a60a6d726794caba4b8aac3ed84c, type: 2}
      propertyPath: m_LocalPosition.y
      value: 26.1
      objectReference: {fileID: 0}
    - target: {fileID: 411914, guid: 2448a60a6d726794caba4b8aac3ed84c, type: 2}
      propertyPath: m_LocalPosition.z
      value: 0
      objectReference: {fileID: 0}
    - target: {fileID: 411914, guid: 2448a60a6d726794caba4b8aac3ed84c, type: 2}
      propertyPath: m_LocalRotation.x
      value: -0
      objectReference: {fileID: 0}
    - target: {fileID: 411914, guid: 2448a60a6d726794caba4b8aac3ed84c, type: 2}
      propertyPath: m_LocalRotation.y
      value: -0
      objectReference: {fileID: 0}
    - target: {fileID: 411914, guid: 2448a60a6d726794caba4b8aac3ed84c, type: 2}
      propertyPath: m_LocalRotation.z
      value: -0
      objectReference: {fileID: 0}
    - target: {fileID: 411914, guid: 2448a60a6d726794caba4b8aac3ed84c, type: 2}
      propertyPath: m_LocalRotation.w
      value: 1
      objectReference: {fileID: 0}
    - target: {fileID: 411914, guid: 2448a60a6d726794caba4b8aac3ed84c, type: 2}
      propertyPath: m_RootOrder
      value: 15
      objectReference: {fileID: 0}
    - target: {fileID: 411914, guid: 2448a60a6d726794caba4b8aac3ed84c, type: 2}
      propertyPath: m_LocalEulerAnglesHint.x
      value: 0
      objectReference: {fileID: 0}
    - target: {fileID: 411914, guid: 2448a60a6d726794caba4b8aac3ed84c, type: 2}
      propertyPath: m_LocalEulerAnglesHint.y
      value: 0
      objectReference: {fileID: 0}
    - target: {fileID: 411914, guid: 2448a60a6d726794caba4b8aac3ed84c, type: 2}
      propertyPath: m_LocalEulerAnglesHint.z
      value: 0
      objectReference: {fileID: 0}
    - target: {fileID: 11453736, guid: 2448a60a6d726794caba4b8aac3ed84c, type: 2}
      propertyPath: deathCanvas
      value: 
      objectReference: {fileID: 1911115591}
    - target: {fileID: 11453736, guid: 2448a60a6d726794caba4b8aac3ed84c, type: 2}
      propertyPath: player
      value: 
      objectReference: {fileID: 120146, guid: 86b4eeb30c83de74da6f841e49c72835, type: 2}
    - target: {fileID: 104426, guid: 2448a60a6d726794caba4b8aac3ed84c, type: 2}
      propertyPath: m_Name
      value: Spikes_large (3)
      objectReference: {fileID: 0}
    m_RemovedComponents: []
  m_ParentPrefab: {fileID: 100100000, guid: 2448a60a6d726794caba4b8aac3ed84c, type: 2}
  m_IsPrefabParent: 0
--- !u!1001 &1453464823
Prefab:
  m_ObjectHideFlags: 0
  serializedVersion: 2
  m_Modification:
    m_TransformParent: {fileID: 1319460450}
    m_Modifications:
    - target: {fileID: 414102, guid: b3c8d202a2dd95741ba65e7a7a9616f7, type: 2}
      propertyPath: m_LocalPosition.x
      value: 94
      objectReference: {fileID: 0}
    - target: {fileID: 414102, guid: b3c8d202a2dd95741ba65e7a7a9616f7, type: 2}
      propertyPath: m_LocalPosition.y
      value: 56.2
      objectReference: {fileID: 0}
    - target: {fileID: 414102, guid: b3c8d202a2dd95741ba65e7a7a9616f7, type: 2}
      propertyPath: m_LocalPosition.z
      value: 0
      objectReference: {fileID: 0}
    - target: {fileID: 414102, guid: b3c8d202a2dd95741ba65e7a7a9616f7, type: 2}
      propertyPath: m_LocalRotation.x
      value: -0
      objectReference: {fileID: 0}
    - target: {fileID: 414102, guid: b3c8d202a2dd95741ba65e7a7a9616f7, type: 2}
      propertyPath: m_LocalRotation.y
      value: -0
      objectReference: {fileID: 0}
    - target: {fileID: 414102, guid: b3c8d202a2dd95741ba65e7a7a9616f7, type: 2}
      propertyPath: m_LocalRotation.z
      value: -0
      objectReference: {fileID: 0}
    - target: {fileID: 414102, guid: b3c8d202a2dd95741ba65e7a7a9616f7, type: 2}
      propertyPath: m_LocalRotation.w
      value: 1
      objectReference: {fileID: 0}
    - target: {fileID: 414102, guid: b3c8d202a2dd95741ba65e7a7a9616f7, type: 2}
      propertyPath: m_RootOrder
      value: 17
      objectReference: {fileID: 0}
    - target: {fileID: 103116, guid: b3c8d202a2dd95741ba65e7a7a9616f7, type: 2}
      propertyPath: m_Name
      value: SolidPlatform (2)
      objectReference: {fileID: 0}
    m_RemovedComponents: []
  m_ParentPrefab: {fileID: 100100000, guid: b3c8d202a2dd95741ba65e7a7a9616f7, type: 2}
  m_IsPrefabParent: 0
--- !u!1001 &1469133636
Prefab:
  m_ObjectHideFlags: 0
  serializedVersion: 2
  m_Modification:
    m_TransformParent: {fileID: 1319460450}
    m_Modifications:
    - target: {fileID: 473672, guid: 06f2b783c843af54ab413658b7b33698, type: 2}
      propertyPath: m_LocalPosition.x
      value: 41.09
      objectReference: {fileID: 0}
    - target: {fileID: 473672, guid: 06f2b783c843af54ab413658b7b33698, type: 2}
      propertyPath: m_LocalPosition.y
      value: 18.68
      objectReference: {fileID: 0}
    - target: {fileID: 473672, guid: 06f2b783c843af54ab413658b7b33698, type: 2}
      propertyPath: m_LocalPosition.z
      value: 0
      objectReference: {fileID: 0}
    - target: {fileID: 473672, guid: 06f2b783c843af54ab413658b7b33698, type: 2}
      propertyPath: m_LocalRotation.x
      value: -0
      objectReference: {fileID: 0}
    - target: {fileID: 473672, guid: 06f2b783c843af54ab413658b7b33698, type: 2}
      propertyPath: m_LocalRotation.y
      value: -0
      objectReference: {fileID: 0}
    - target: {fileID: 473672, guid: 06f2b783c843af54ab413658b7b33698, type: 2}
      propertyPath: m_LocalRotation.z
      value: -0
      objectReference: {fileID: 0}
    - target: {fileID: 473672, guid: 06f2b783c843af54ab413658b7b33698, type: 2}
      propertyPath: m_LocalRotation.w
      value: 1
      objectReference: {fileID: 0}
    - target: {fileID: 473672, guid: 06f2b783c843af54ab413658b7b33698, type: 2}
      propertyPath: m_RootOrder
      value: 6
      objectReference: {fileID: 0}
    - target: {fileID: 11464240, guid: 06f2b783c843af54ab413658b7b33698, type: 2}
      propertyPath: deathCanvas
      value: 
      objectReference: {fileID: 1911115591}
    - target: {fileID: 11464240, guid: 06f2b783c843af54ab413658b7b33698, type: 2}
      propertyPath: player
      value: 
      objectReference: {fileID: 120146, guid: 86b4eeb30c83de74da6f841e49c72835, type: 2}
    m_RemovedComponents: []
  m_ParentPrefab: {fileID: 100100000, guid: 06f2b783c843af54ab413658b7b33698, type: 2}
  m_IsPrefabParent: 0
--- !u!1001 &1488063420
Prefab:
  m_ObjectHideFlags: 0
  serializedVersion: 2
  m_Modification:
    m_TransformParent: {fileID: 1319460450}
    m_Modifications:
    - target: {fileID: 488904, guid: 6625be97d3207cf429130f3aecbf0d82, type: 2}
      propertyPath: m_LocalPosition.x
      value: 52.985462
      objectReference: {fileID: 0}
    - target: {fileID: 488904, guid: 6625be97d3207cf429130f3aecbf0d82, type: 2}
      propertyPath: m_LocalPosition.y
      value: 21.197779
      objectReference: {fileID: 0}
    - target: {fileID: 488904, guid: 6625be97d3207cf429130f3aecbf0d82, type: 2}
      propertyPath: m_LocalPosition.z
      value: 0
      objectReference: {fileID: 0}
    - target: {fileID: 488904, guid: 6625be97d3207cf429130f3aecbf0d82, type: 2}
      propertyPath: m_LocalRotation.x
      value: -0
      objectReference: {fileID: 0}
    - target: {fileID: 488904, guid: 6625be97d3207cf429130f3aecbf0d82, type: 2}
      propertyPath: m_LocalRotation.y
      value: -0
      objectReference: {fileID: 0}
    - target: {fileID: 488904, guid: 6625be97d3207cf429130f3aecbf0d82, type: 2}
      propertyPath: m_LocalRotation.z
      value: -0
      objectReference: {fileID: 0}
    - target: {fileID: 488904, guid: 6625be97d3207cf429130f3aecbf0d82, type: 2}
      propertyPath: m_LocalRotation.w
      value: 1
      objectReference: {fileID: 0}
    - target: {fileID: 488904, guid: 6625be97d3207cf429130f3aecbf0d82, type: 2}
      propertyPath: m_RootOrder
      value: 13
      objectReference: {fileID: 0}
    m_RemovedComponents: []
  m_ParentPrefab: {fileID: 100100000, guid: 6625be97d3207cf429130f3aecbf0d82, type: 2}
  m_IsPrefabParent: 0
--- !u!1001 &1511516338
Prefab:
  m_ObjectHideFlags: 0
  serializedVersion: 2
  m_Modification:
    m_TransformParent: {fileID: 1319460450}
    m_Modifications:
    - target: {fileID: 441884, guid: 36ee44a4706bc764c986b4810b8d5010, type: 2}
      propertyPath: m_LocalPosition.x
      value: 57.410004
      objectReference: {fileID: 0}
    - target: {fileID: 441884, guid: 36ee44a4706bc764c986b4810b8d5010, type: 2}
      propertyPath: m_LocalPosition.y
      value: 59.239998
      objectReference: {fileID: 0}
    - target: {fileID: 441884, guid: 36ee44a4706bc764c986b4810b8d5010, type: 2}
      propertyPath: m_LocalPosition.z
      value: 0
      objectReference: {fileID: 0}
    - target: {fileID: 441884, guid: 36ee44a4706bc764c986b4810b8d5010, type: 2}
      propertyPath: m_LocalRotation.x
      value: -0
      objectReference: {fileID: 0}
    - target: {fileID: 441884, guid: 36ee44a4706bc764c986b4810b8d5010, type: 2}
      propertyPath: m_LocalRotation.y
      value: -0
      objectReference: {fileID: 0}
    - target: {fileID: 441884, guid: 36ee44a4706bc764c986b4810b8d5010, type: 2}
      propertyPath: m_LocalRotation.z
      value: -0
      objectReference: {fileID: 0}
    - target: {fileID: 441884, guid: 36ee44a4706bc764c986b4810b8d5010, type: 2}
      propertyPath: m_LocalRotation.w
      value: 1
      objectReference: {fileID: 0}
    - target: {fileID: 441884, guid: 36ee44a4706bc764c986b4810b8d5010, type: 2}
      propertyPath: m_RootOrder
      value: 35
      objectReference: {fileID: 0}
    - target: {fileID: 199028, guid: 36ee44a4706bc764c986b4810b8d5010, type: 2}
      propertyPath: m_Name
      value: DamagedPlatform (2)
      objectReference: {fileID: 0}
    m_RemovedComponents: []
  m_ParentPrefab: {fileID: 100100000, guid: 36ee44a4706bc764c986b4810b8d5010, type: 2}
  m_IsPrefabParent: 0
--- !u!1001 &1532237232
Prefab:
  m_ObjectHideFlags: 0
  serializedVersion: 2
  m_Modification:
    m_TransformParent: {fileID: 1319460450}
    m_Modifications:
    - target: {fileID: 441884, guid: 36ee44a4706bc764c986b4810b8d5010, type: 2}
      propertyPath: m_LocalPosition.x
      value: 73.78
      objectReference: {fileID: 0}
    - target: {fileID: 441884, guid: 36ee44a4706bc764c986b4810b8d5010, type: 2}
      propertyPath: m_LocalPosition.y
      value: 57.71
      objectReference: {fileID: 0}
    - target: {fileID: 441884, guid: 36ee44a4706bc764c986b4810b8d5010, type: 2}
      propertyPath: m_LocalPosition.z
      value: 0
      objectReference: {fileID: 0}
    - target: {fileID: 441884, guid: 36ee44a4706bc764c986b4810b8d5010, type: 2}
      propertyPath: m_LocalRotation.x
      value: -0
      objectReference: {fileID: 0}
    - target: {fileID: 441884, guid: 36ee44a4706bc764c986b4810b8d5010, type: 2}
      propertyPath: m_LocalRotation.y
      value: -0
      objectReference: {fileID: 0}
    - target: {fileID: 441884, guid: 36ee44a4706bc764c986b4810b8d5010, type: 2}
      propertyPath: m_LocalRotation.z
      value: -0
      objectReference: {fileID: 0}
    - target: {fileID: 441884, guid: 36ee44a4706bc764c986b4810b8d5010, type: 2}
      propertyPath: m_LocalRotation.w
      value: 1
      objectReference: {fileID: 0}
    - target: {fileID: 441884, guid: 36ee44a4706bc764c986b4810b8d5010, type: 2}
      propertyPath: m_RootOrder
      value: 34
      objectReference: {fileID: 0}
    - target: {fileID: 199028, guid: 36ee44a4706bc764c986b4810b8d5010, type: 2}
      propertyPath: m_Name
      value: DamagedPlatform (1)
      objectReference: {fileID: 0}
    m_RemovedComponents: []
  m_ParentPrefab: {fileID: 100100000, guid: 36ee44a4706bc764c986b4810b8d5010, type: 2}
  m_IsPrefabParent: 0
--- !u!1001 &1631025048
Prefab:
  m_ObjectHideFlags: 0
  serializedVersion: 2
  m_Modification:
    m_TransformParent: {fileID: 1319460450}
    m_Modifications:
    - target: {fileID: 468320, guid: 252ed4b6632ac904fbfbab8dacdaedd4, type: 2}
      propertyPath: m_LocalPosition.x
      value: 65.090004
      objectReference: {fileID: 0}
    - target: {fileID: 468320, guid: 252ed4b6632ac904fbfbab8dacdaedd4, type: 2}
      propertyPath: m_LocalPosition.y
      value: 31.28
      objectReference: {fileID: 0}
    - target: {fileID: 468320, guid: 252ed4b6632ac904fbfbab8dacdaedd4, type: 2}
      propertyPath: m_LocalPosition.z
      value: 0
      objectReference: {fileID: 0}
    - target: {fileID: 468320, guid: 252ed4b6632ac904fbfbab8dacdaedd4, type: 2}
      propertyPath: m_LocalRotation.x
      value: -0
      objectReference: {fileID: 0}
    - target: {fileID: 468320, guid: 252ed4b6632ac904fbfbab8dacdaedd4, type: 2}
      propertyPath: m_LocalRotation.y
      value: -0
      objectReference: {fileID: 0}
    - target: {fileID: 468320, guid: 252ed4b6632ac904fbfbab8dacdaedd4, type: 2}
      propertyPath: m_LocalRotation.z
      value: 0.7071068
      objectReference: {fileID: 0}
    - target: {fileID: 468320, guid: 252ed4b6632ac904fbfbab8dacdaedd4, type: 2}
      propertyPath: m_LocalRotation.w
      value: 0.7071067
      objectReference: {fileID: 0}
    - target: {fileID: 468320, guid: 252ed4b6632ac904fbfbab8dacdaedd4, type: 2}
      propertyPath: m_RootOrder
      value: 9
      objectReference: {fileID: 0}
    - target: {fileID: 136308, guid: 252ed4b6632ac904fbfbab8dacdaedd4, type: 2}
      propertyPath: m_Name
      value: SolidWall (2)
      objectReference: {fileID: 0}
    - target: {fileID: 468320, guid: 252ed4b6632ac904fbfbab8dacdaedd4, type: 2}
      propertyPath: m_LocalScale.x
      value: 1
      objectReference: {fileID: 0}
    - target: {fileID: 468320, guid: 252ed4b6632ac904fbfbab8dacdaedd4, type: 2}
      propertyPath: m_LocalScale.y
      value: 0.09999997
      objectReference: {fileID: 0}
    m_RemovedComponents: []
  m_ParentPrefab: {fileID: 100100000, guid: 252ed4b6632ac904fbfbab8dacdaedd4, type: 2}
  m_IsPrefabParent: 0
--- !u!1001 &1726534254
Prefab:
  m_ObjectHideFlags: 0
  serializedVersion: 2
  m_Modification:
    m_TransformParent: {fileID: 1319460450}
    m_Modifications:
    - target: {fileID: 411914, guid: 2448a60a6d726794caba4b8aac3ed84c, type: 2}
      propertyPath: m_LocalPosition.x
      value: 102.78
      objectReference: {fileID: 0}
    - target: {fileID: 411914, guid: 2448a60a6d726794caba4b8aac3ed84c, type: 2}
      propertyPath: m_LocalPosition.y
      value: 18.72
      objectReference: {fileID: 0}
    - target: {fileID: 411914, guid: 2448a60a6d726794caba4b8aac3ed84c, type: 2}
      propertyPath: m_LocalPosition.z
      value: 0
      objectReference: {fileID: 0}
    - target: {fileID: 411914, guid: 2448a60a6d726794caba4b8aac3ed84c, type: 2}
      propertyPath: m_LocalRotation.x
      value: -0
      objectReference: {fileID: 0}
    - target: {fileID: 411914, guid: 2448a60a6d726794caba4b8aac3ed84c, type: 2}
      propertyPath: m_LocalRotation.y
      value: -0
      objectReference: {fileID: 0}
    - target: {fileID: 411914, guid: 2448a60a6d726794caba4b8aac3ed84c, type: 2}
      propertyPath: m_LocalRotation.z
      value: -0
      objectReference: {fileID: 0}
    - target: {fileID: 411914, guid: 2448a60a6d726794caba4b8aac3ed84c, type: 2}
      propertyPath: m_LocalRotation.w
      value: 1
      objectReference: {fileID: 0}
    - target: {fileID: 411914, guid: 2448a60a6d726794caba4b8aac3ed84c, type: 2}
      propertyPath: m_RootOrder
      value: 22
      objectReference: {fileID: 0}
    - target: {fileID: 411914, guid: 2448a60a6d726794caba4b8aac3ed84c, type: 2}
      propertyPath: m_LocalEulerAnglesHint.x
      value: 0
      objectReference: {fileID: 0}
    - target: {fileID: 411914, guid: 2448a60a6d726794caba4b8aac3ed84c, type: 2}
      propertyPath: m_LocalEulerAnglesHint.y
      value: 0
      objectReference: {fileID: 0}
    - target: {fileID: 411914, guid: 2448a60a6d726794caba4b8aac3ed84c, type: 2}
      propertyPath: m_LocalEulerAnglesHint.z
      value: 0
      objectReference: {fileID: 0}
    - target: {fileID: 11453736, guid: 2448a60a6d726794caba4b8aac3ed84c, type: 2}
      propertyPath: deathCanvas
      value: 
      objectReference: {fileID: 1911115591}
    - target: {fileID: 11453736, guid: 2448a60a6d726794caba4b8aac3ed84c, type: 2}
      propertyPath: player
      value: 
      objectReference: {fileID: 120146, guid: 86b4eeb30c83de74da6f841e49c72835, type: 2}
    - target: {fileID: 104426, guid: 2448a60a6d726794caba4b8aac3ed84c, type: 2}
      propertyPath: m_Name
      value: Spikes_large (7)
      objectReference: {fileID: 0}
    m_RemovedComponents: []
  m_ParentPrefab: {fileID: 100100000, guid: 2448a60a6d726794caba4b8aac3ed84c, type: 2}
  m_IsPrefabParent: 0
--- !u!1001 &1734963055
Prefab:
  m_ObjectHideFlags: 0
  serializedVersion: 2
  m_Modification:
    m_TransformParent: {fileID: 1319460450}
    m_Modifications:
    - target: {fileID: 414102, guid: b3c8d202a2dd95741ba65e7a7a9616f7, type: 2}
      propertyPath: m_LocalPosition.x
      value: 41.29
      objectReference: {fileID: 0}
    - target: {fileID: 414102, guid: b3c8d202a2dd95741ba65e7a7a9616f7, type: 2}
      propertyPath: m_LocalPosition.y
      value: 39.34
      objectReference: {fileID: 0}
    - target: {fileID: 414102, guid: b3c8d202a2dd95741ba65e7a7a9616f7, type: 2}
      propertyPath: m_LocalPosition.z
      value: 0
      objectReference: {fileID: 0}
    - target: {fileID: 414102, guid: b3c8d202a2dd95741ba65e7a7a9616f7, type: 2}
      propertyPath: m_LocalRotation.x
      value: -0
      objectReference: {fileID: 0}
    - target: {fileID: 414102, guid: b3c8d202a2dd95741ba65e7a7a9616f7, type: 2}
      propertyPath: m_LocalRotation.y
      value: -0
      objectReference: {fileID: 0}
    - target: {fileID: 414102, guid: b3c8d202a2dd95741ba65e7a7a9616f7, type: 2}
      propertyPath: m_LocalRotation.z
      value: -0
      objectReference: {fileID: 0}
    - target: {fileID: 414102, guid: b3c8d202a2dd95741ba65e7a7a9616f7, type: 2}
      propertyPath: m_LocalRotation.w
      value: 1
      objectReference: {fileID: 0}
    - target: {fileID: 414102, guid: b3c8d202a2dd95741ba65e7a7a9616f7, type: 2}
      propertyPath: m_RootOrder
      value: 33
      objectReference: {fileID: 0}
    - target: {fileID: 414102, guid: b3c8d202a2dd95741ba65e7a7a9616f7, type: 2}
      propertyPath: m_LocalScale.x
      value: 0.1
      objectReference: {fileID: 0}
    - target: {fileID: 414102, guid: b3c8d202a2dd95741ba65e7a7a9616f7, type: 2}
      propertyPath: m_LocalScale.y
      value: 0.01
      objectReference: {fileID: 0}
    - target: {fileID: 103116, guid: b3c8d202a2dd95741ba65e7a7a9616f7, type: 2}
      propertyPath: m_Name
      value: SolidPlatform (2)
      objectReference: {fileID: 0}
    m_RemovedComponents: []
  m_ParentPrefab: {fileID: 100100000, guid: b3c8d202a2dd95741ba65e7a7a9616f7, type: 2}
  m_IsPrefabParent: 0
--- !u!1001 &1748425027
Prefab:
  m_ObjectHideFlags: 0
  serializedVersion: 2
  m_Modification:
    m_TransformParent: {fileID: 0}
    m_Modifications:
    - target: {fileID: 477824, guid: 2f367d730e2f6ec41b7c422e72d20555, type: 2}
      propertyPath: m_LocalPosition.x
      value: 48.2
      objectReference: {fileID: 0}
    - target: {fileID: 477824, guid: 2f367d730e2f6ec41b7c422e72d20555, type: 2}
      propertyPath: m_LocalPosition.y
      value: 26.2
      objectReference: {fileID: 0}
    - target: {fileID: 477824, guid: 2f367d730e2f6ec41b7c422e72d20555, type: 2}
      propertyPath: m_LocalPosition.z
      value: -10
      objectReference: {fileID: 0}
    - target: {fileID: 477824, guid: 2f367d730e2f6ec41b7c422e72d20555, type: 2}
      propertyPath: m_LocalRotation.x
      value: 0
      objectReference: {fileID: 0}
    - target: {fileID: 477824, guid: 2f367d730e2f6ec41b7c422e72d20555, type: 2}
      propertyPath: m_LocalRotation.y
      value: 0
      objectReference: {fileID: 0}
    - target: {fileID: 477824, guid: 2f367d730e2f6ec41b7c422e72d20555, type: 2}
      propertyPath: m_LocalRotation.z
      value: 0
      objectReference: {fileID: 0}
    - target: {fileID: 477824, guid: 2f367d730e2f6ec41b7c422e72d20555, type: 2}
      propertyPath: m_LocalRotation.w
      value: 1
      objectReference: {fileID: 0}
    - target: {fileID: 477824, guid: 2f367d730e2f6ec41b7c422e72d20555, type: 2}
      propertyPath: m_RootOrder
      value: 2
      objectReference: {fileID: 0}
    - target: {fileID: 192512, guid: 2f367d730e2f6ec41b7c422e72d20555, type: 2}
      propertyPath: m_Name
      value: Main Camera
      objectReference: {fileID: 0}
    m_RemovedComponents: []
  m_ParentPrefab: {fileID: 100100000, guid: 2f367d730e2f6ec41b7c422e72d20555, type: 2}
  m_IsPrefabParent: 0
--- !u!1001 &1832495906
Prefab:
  m_ObjectHideFlags: 0
  serializedVersion: 2
  m_Modification:
    m_TransformParent: {fileID: 1319460450}
    m_Modifications:
    - target: {fileID: 411914, guid: 2448a60a6d726794caba4b8aac3ed84c, type: 2}
      propertyPath: m_LocalPosition.x
      value: 131.8
      objectReference: {fileID: 0}
    - target: {fileID: 411914, guid: 2448a60a6d726794caba4b8aac3ed84c, type: 2}
      propertyPath: m_LocalPosition.y
      value: 18.72
      objectReference: {fileID: 0}
    - target: {fileID: 411914, guid: 2448a60a6d726794caba4b8aac3ed84c, type: 2}
      propertyPath: m_LocalPosition.z
      value: 0
      objectReference: {fileID: 0}
    - target: {fileID: 411914, guid: 2448a60a6d726794caba4b8aac3ed84c, type: 2}
      propertyPath: m_LocalRotation.x
      value: -0
      objectReference: {fileID: 0}
    - target: {fileID: 411914, guid: 2448a60a6d726794caba4b8aac3ed84c, type: 2}
      propertyPath: m_LocalRotation.y
      value: -0
      objectReference: {fileID: 0}
    - target: {fileID: 411914, guid: 2448a60a6d726794caba4b8aac3ed84c, type: 2}
      propertyPath: m_LocalRotation.z
      value: -0
      objectReference: {fileID: 0}
    - target: {fileID: 411914, guid: 2448a60a6d726794caba4b8aac3ed84c, type: 2}
      propertyPath: m_LocalRotation.w
      value: 1
      objectReference: {fileID: 0}
    - target: {fileID: 411914, guid: 2448a60a6d726794caba4b8aac3ed84c, type: 2}
      propertyPath: m_RootOrder
      value: 19
      objectReference: {fileID: 0}
    - target: {fileID: 411914, guid: 2448a60a6d726794caba4b8aac3ed84c, type: 2}
      propertyPath: m_LocalEulerAnglesHint.x
      value: 0
      objectReference: {fileID: 0}
    - target: {fileID: 411914, guid: 2448a60a6d726794caba4b8aac3ed84c, type: 2}
      propertyPath: m_LocalEulerAnglesHint.y
      value: 0
      objectReference: {fileID: 0}
    - target: {fileID: 411914, guid: 2448a60a6d726794caba4b8aac3ed84c, type: 2}
      propertyPath: m_LocalEulerAnglesHint.z
      value: 0
      objectReference: {fileID: 0}
    - target: {fileID: 11453736, guid: 2448a60a6d726794caba4b8aac3ed84c, type: 2}
      propertyPath: deathCanvas
      value: 
      objectReference: {fileID: 1911115591}
    - target: {fileID: 11453736, guid: 2448a60a6d726794caba4b8aac3ed84c, type: 2}
      propertyPath: player
      value: 
      objectReference: {fileID: 120146, guid: 86b4eeb30c83de74da6f841e49c72835, type: 2}
    - target: {fileID: 104426, guid: 2448a60a6d726794caba4b8aac3ed84c, type: 2}
      propertyPath: m_Name
      value: Spikes_large (4)
      objectReference: {fileID: 0}
    m_RemovedComponents: []
  m_ParentPrefab: {fileID: 100100000, guid: 2448a60a6d726794caba4b8aac3ed84c, type: 2}
  m_IsPrefabParent: 0
--- !u!1 &1911115591 stripped
GameObject:
  m_PrefabParentObject: {fileID: 155596, guid: 36c34fbbc3290304f9745d9bfaabd7e3, type: 2}
  m_PrefabInternal: {fileID: 1083171343}
--- !u!1001 &1918740736
Prefab:
  m_ObjectHideFlags: 0
  serializedVersion: 2
  m_Modification:
    m_TransformParent: {fileID: 1319460450}
    m_Modifications:
    - target: {fileID: 411914, guid: 2448a60a6d726794caba4b8aac3ed84c, type: 2}
      propertyPath: m_LocalPosition.x
      value: 93.13
      objectReference: {fileID: 0}
    - target: {fileID: 411914, guid: 2448a60a6d726794caba4b8aac3ed84c, type: 2}
      propertyPath: m_LocalPosition.y
      value: 18.72
      objectReference: {fileID: 0}
    - target: {fileID: 411914, guid: 2448a60a6d726794caba4b8aac3ed84c, type: 2}
      propertyPath: m_LocalPosition.z
      value: 0
      objectReference: {fileID: 0}
    - target: {fileID: 411914, guid: 2448a60a6d726794caba4b8aac3ed84c, type: 2}
      propertyPath: m_LocalRotation.x
      value: -0
      objectReference: {fileID: 0}
    - target: {fileID: 411914, guid: 2448a60a6d726794caba4b8aac3ed84c, type: 2}
      propertyPath: m_LocalRotation.y
      value: -0
      objectReference: {fileID: 0}
    - target: {fileID: 411914, guid: 2448a60a6d726794caba4b8aac3ed84c, type: 2}
      propertyPath: m_LocalRotation.z
      value: -0
      objectReference: {fileID: 0}
    - target: {fileID: 411914, guid: 2448a60a6d726794caba4b8aac3ed84c, type: 2}
      propertyPath: m_LocalRotation.w
      value: 1
      objectReference: {fileID: 0}
    - target: {fileID: 411914, guid: 2448a60a6d726794caba4b8aac3ed84c, type: 2}
      propertyPath: m_RootOrder
      value: 23
      objectReference: {fileID: 0}
    - target: {fileID: 411914, guid: 2448a60a6d726794caba4b8aac3ed84c, type: 2}
      propertyPath: m_LocalEulerAnglesHint.x
      value: 0
      objectReference: {fileID: 0}
    - target: {fileID: 411914, guid: 2448a60a6d726794caba4b8aac3ed84c, type: 2}
      propertyPath: m_LocalEulerAnglesHint.y
      value: 0
      objectReference: {fileID: 0}
    - target: {fileID: 411914, guid: 2448a60a6d726794caba4b8aac3ed84c, type: 2}
      propertyPath: m_LocalEulerAnglesHint.z
      value: 0
      objectReference: {fileID: 0}
    - target: {fileID: 11453736, guid: 2448a60a6d726794caba4b8aac3ed84c, type: 2}
      propertyPath: deathCanvas
      value: 
      objectReference: {fileID: 1911115591}
    - target: {fileID: 11453736, guid: 2448a60a6d726794caba4b8aac3ed84c, type: 2}
      propertyPath: player
      value: 
      objectReference: {fileID: 120146, guid: 86b4eeb30c83de74da6f841e49c72835, type: 2}
    - target: {fileID: 104426, guid: 2448a60a6d726794caba4b8aac3ed84c, type: 2}
      propertyPath: m_Name
      value: Spikes_large (8)
      objectReference: {fileID: 0}
    m_RemovedComponents: []
  m_ParentPrefab: {fileID: 100100000, guid: 2448a60a6d726794caba4b8aac3ed84c, type: 2}
  m_IsPrefabParent: 0
--- !u!1001 &1924336093
Prefab:
  m_ObjectHideFlags: 0
  serializedVersion: 2
  m_Modification:
    m_TransformParent: {fileID: 1319460450}
    m_Modifications:
    - target: {fileID: 411914, guid: 2448a60a6d726794caba4b8aac3ed84c, type: 2}
      propertyPath: m_LocalPosition.x
      value: 122.09
      objectReference: {fileID: 0}
    - target: {fileID: 411914, guid: 2448a60a6d726794caba4b8aac3ed84c, type: 2}
      propertyPath: m_LocalPosition.y
      value: 18.72
      objectReference: {fileID: 0}
    - target: {fileID: 411914, guid: 2448a60a6d726794caba4b8aac3ed84c, type: 2}
      propertyPath: m_LocalPosition.z
      value: 0
      objectReference: {fileID: 0}
    - target: {fileID: 411914, guid: 2448a60a6d726794caba4b8aac3ed84c, type: 2}
      propertyPath: m_LocalRotation.x
      value: -0
      objectReference: {fileID: 0}
    - target: {fileID: 411914, guid: 2448a60a6d726794caba4b8aac3ed84c, type: 2}
      propertyPath: m_LocalRotation.y
      value: -0
      objectReference: {fileID: 0}
    - target: {fileID: 411914, guid: 2448a60a6d726794caba4b8aac3ed84c, type: 2}
      propertyPath: m_LocalRotation.z
      value: -0
      objectReference: {fileID: 0}
    - target: {fileID: 411914, guid: 2448a60a6d726794caba4b8aac3ed84c, type: 2}
      propertyPath: m_LocalRotation.w
      value: 1
      objectReference: {fileID: 0}
    - target: {fileID: 411914, guid: 2448a60a6d726794caba4b8aac3ed84c, type: 2}
      propertyPath: m_RootOrder
      value: 20
      objectReference: {fileID: 0}
    - target: {fileID: 411914, guid: 2448a60a6d726794caba4b8aac3ed84c, type: 2}
      propertyPath: m_LocalEulerAnglesHint.x
      value: 0
      objectReference: {fileID: 0}
    - target: {fileID: 411914, guid: 2448a60a6d726794caba4b8aac3ed84c, type: 2}
      propertyPath: m_LocalEulerAnglesHint.y
      value: 0
      objectReference: {fileID: 0}
    - target: {fileID: 411914, guid: 2448a60a6d726794caba4b8aac3ed84c, type: 2}
      propertyPath: m_LocalEulerAnglesHint.z
      value: 0
      objectReference: {fileID: 0}
    - target: {fileID: 11453736, guid: 2448a60a6d726794caba4b8aac3ed84c, type: 2}
      propertyPath: deathCanvas
      value: 
      objectReference: {fileID: 1911115591}
    - target: {fileID: 11453736, guid: 2448a60a6d726794caba4b8aac3ed84c, type: 2}
      propertyPath: player
      value: 
      objectReference: {fileID: 120146, guid: 86b4eeb30c83de74da6f841e49c72835, type: 2}
    - target: {fileID: 104426, guid: 2448a60a6d726794caba4b8aac3ed84c, type: 2}
      propertyPath: m_Name
      value: Spikes_large (5)
      objectReference: {fileID: 0}
    m_RemovedComponents: []
  m_ParentPrefab: {fileID: 100100000, guid: 2448a60a6d726794caba4b8aac3ed84c, type: 2}
  m_IsPrefabParent: 0
--- !u!1001 &1990289530
Prefab:
  m_ObjectHideFlags: 0
  serializedVersion: 2
  m_Modification:
    m_TransformParent: {fileID: 1319460450}
    m_Modifications:
    - target: {fileID: 414102, guid: b3c8d202a2dd95741ba65e7a7a9616f7, type: 2}
      propertyPath: m_LocalPosition.x
      value: 40.074543
      objectReference: {fileID: 0}
    - target: {fileID: 414102, guid: b3c8d202a2dd95741ba65e7a7a9616f7, type: 2}
      propertyPath: m_LocalPosition.y
      value: 60.980003
      objectReference: {fileID: 0}
    - target: {fileID: 414102, guid: b3c8d202a2dd95741ba65e7a7a9616f7, type: 2}
      propertyPath: m_LocalPosition.z
      value: 0
      objectReference: {fileID: 0}
    - target: {fileID: 414102, guid: b3c8d202a2dd95741ba65e7a7a9616f7, type: 2}
      propertyPath: m_LocalRotation.x
      value: -0
      objectReference: {fileID: 0}
    - target: {fileID: 414102, guid: b3c8d202a2dd95741ba65e7a7a9616f7, type: 2}
      propertyPath: m_LocalRotation.y
      value: -0
      objectReference: {fileID: 0}
    - target: {fileID: 414102, guid: b3c8d202a2dd95741ba65e7a7a9616f7, type: 2}
      propertyPath: m_LocalRotation.z
      value: -0
      objectReference: {fileID: 0}
    - target: {fileID: 414102, guid: b3c8d202a2dd95741ba65e7a7a9616f7, type: 2}
      propertyPath: m_LocalRotation.w
      value: 1
      objectReference: {fileID: 0}
    - target: {fileID: 414102, guid: b3c8d202a2dd95741ba65e7a7a9616f7, type: 2}
      propertyPath: m_RootOrder
      value: 4
      objectReference: {fileID: 0}
    m_RemovedComponents: []
  m_ParentPrefab: {fileID: 100100000, guid: b3c8d202a2dd95741ba65e7a7a9616f7, type: 2}
  m_IsPrefabParent: 0
--- !u!1001 &2042675052
Prefab:
  m_ObjectHideFlags: 0
  serializedVersion: 2
  m_Modification:
    m_TransformParent: {fileID: 1319460450}
    m_Modifications:
    - target: {fileID: 414102, guid: b3c8d202a2dd95741ba65e7a7a9616f7, type: 2}
      propertyPath: m_LocalPosition.x
      value: 65.07
      objectReference: {fileID: 0}
    - target: {fileID: 414102, guid: b3c8d202a2dd95741ba65e7a7a9616f7, type: 2}
      propertyPath: m_LocalPosition.y
      value: 39.34
      objectReference: {fileID: 0}
    - target: {fileID: 414102, guid: b3c8d202a2dd95741ba65e7a7a9616f7, type: 2}
      propertyPath: m_LocalPosition.z
      value: 0
      objectReference: {fileID: 0}
    - target: {fileID: 414102, guid: b3c8d202a2dd95741ba65e7a7a9616f7, type: 2}
      propertyPath: m_LocalRotation.x
      value: -0
      objectReference: {fileID: 0}
    - target: {fileID: 414102, guid: b3c8d202a2dd95741ba65e7a7a9616f7, type: 2}
      propertyPath: m_LocalRotation.y
      value: -0
      objectReference: {fileID: 0}
    - target: {fileID: 414102, guid: b3c8d202a2dd95741ba65e7a7a9616f7, type: 2}
      propertyPath: m_LocalRotation.z
      value: -0
      objectReference: {fileID: 0}
    - target: {fileID: 414102, guid: b3c8d202a2dd95741ba65e7a7a9616f7, type: 2}
      propertyPath: m_LocalRotation.w
      value: 1
      objectReference: {fileID: 0}
    - target: {fileID: 414102, guid: b3c8d202a2dd95741ba65e7a7a9616f7, type: 2}
      propertyPath: m_RootOrder
      value: 27
      objectReference: {fileID: 0}
    - target: {fileID: 414102, guid: b3c8d202a2dd95741ba65e7a7a9616f7, type: 2}
      propertyPath: m_LocalScale.x
      value: 0.1
      objectReference: {fileID: 0}
    - target: {fileID: 414102, guid: b3c8d202a2dd95741ba65e7a7a9616f7, type: 2}
      propertyPath: m_LocalScale.y
      value: 0.01
      objectReference: {fileID: 0}
    m_RemovedComponents: []
  m_ParentPrefab: {fileID: 100100000, guid: b3c8d202a2dd95741ba65e7a7a9616f7, type: 2}
  m_IsPrefabParent: 0
--- !u!1001 &2089575097
Prefab:
  m_ObjectHideFlags: 0
  serializedVersion: 2
  m_Modification:
    m_TransformParent: {fileID: 0}
    m_Modifications:
    - target: {fileID: 449988, guid: 86b4eeb30c83de74da6f841e49c72835, type: 2}
      propertyPath: m_LocalPosition.x
      value: -2
      objectReference: {fileID: 0}
    - target: {fileID: 449988, guid: 86b4eeb30c83de74da6f841e49c72835, type: 2}
      propertyPath: m_LocalPosition.y
      value: 0
      objectReference: {fileID: 0}
    - target: {fileID: 449988, guid: 86b4eeb30c83de74da6f841e49c72835, type: 2}
      propertyPath: m_LocalPosition.z
      value: 0
      objectReference: {fileID: 0}
    - target: {fileID: 449988, guid: 86b4eeb30c83de74da6f841e49c72835, type: 2}
      propertyPath: m_LocalRotation.x
      value: 0
      objectReference: {fileID: 0}
    - target: {fileID: 449988, guid: 86b4eeb30c83de74da6f841e49c72835, type: 2}
      propertyPath: m_LocalRotation.y
      value: 0
      objectReference: {fileID: 0}
    - target: {fileID: 449988, guid: 86b4eeb30c83de74da6f841e49c72835, type: 2}
      propertyPath: m_LocalRotation.z
      value: 0
      objectReference: {fileID: 0}
    - target: {fileID: 449988, guid: 86b4eeb30c83de74da6f841e49c72835, type: 2}
      propertyPath: m_LocalRotation.w
      value: 1
      objectReference: {fileID: 0}
    - target: {fileID: 449988, guid: 86b4eeb30c83de74da6f841e49c72835, type: 2}
      propertyPath: m_RootOrder
      value: 1
      objectReference: {fileID: 0}
    m_RemovedComponents: []
  m_ParentPrefab: {fileID: 100100000, guid: 86b4eeb30c83de74da6f841e49c72835, type: 2}
  m_IsPrefabParent: 0
